%%%%%%%%%%%%%%%%%%%%%%%%%%%%%%%%%%%%%%%%%%%%%%%%%%%%%%%%%%%%%%%%%%%%%%%%%%%%%%%
%% A bibtex file for OpenModelica-related publications
%%
%% Name the key according to openmodelica.org:AUTHOR:PUBLICATION:YEAR
%%   This is to avoid name conflicts with a user's own bibtex file!
%% Good annotations to use are:
%%   doi = {10.3384/ecp11063232}
%%       Many publications want these added. If you are cited and the DOI
%%       exists, people will generally find your paper very easily.
%%   url = {http://example.com/path/to/site}
%%       Use this to point to a website that contains metadata, abstract
%%       and download page, etc for your paper.
%%   pdf = {http://example.com/path/to/paper.pdf}
%%       If you have uploaded only the pdf, use a pdf link
%%   Avoid using note-style annotations for download links in favour of the
%%       above alternatives.
%%
%% Please order publications in descending order (newest first), grouped
%% according to the following sections.
%%
%% Quick search keys:
%% [*1*] Books
%% [*2*] PhD/Lic theses
%% [*3*] MSc/BSc theses
%% [*4*] Journal articles
%% [*5*] Peer-Review conference and workshop papers
%% [*6*] Technical reports, etc
%% [*7*] References to OpenModelica documentation
%% [*8*] Proceedings/books for cross-references
%%       http://en.wikipedia.org/wiki/BibTeX#Cross-referencing
%%%%%%%%%%%%%%%%%%%%%%%%%%%%%%%%%%%%%%%%%%%%%%%%%%%%%%%%%%%%%%%%%%%%%%%%%%%%%%%

%%%%%%%%%%%%%%%%%%%%%%%%%%%%%%%%%%%%%%%%%%%%%%%%%%%%%%%%%%%%%%%%%%%%%%%%%%%%%%%
%% [*1*] Books
%%%%%%%%%%%%%%%%%%%%%%%%%%%%%%%%%%%%%%%%%%%%%%%%%%%%%%%%%%%%%%%%%%%%%%%%%%%%%%%

@BOOK{openmodelica.org:fritzson:2014,
   author = "Peter Fritzson",
   title= "Principles of Ob\-ject-Ori\-ent\-ed Modeling and Simulation with Modelica 3.3: A Cyber-Physical Approach",
   edition = {2},
   publisher = "Wiley-IEEE Press",
   pagetotal = {1256},
   ISBN = {978-1-118-85912-4},
   year = 2015,
   month = apr
}

@BOOK{openmodelica.org:tiller:2014,
   author = "Michael Tiller",
   title= "Modelica by Example",
   publisher = "Xogeny",
   year = 2014
}

@BOOK{openmodelica.org:fritzson:2011,
   author = "Peter Fritzson",
   title= "Introduction to Modeling and Simulation of Technical and Physical Systems with Modelica",
   publisher = "Wiley-IEEE Press",
   pagetotal = {232},
   ISBN-13 = {978-1118010686},
   year = 2011,
   month = sep,
}

@BOOK{openmodelica.org:fritzson:2004,
   author = "Peter Fritzson",
   title= "Principles of Ob\-ject-Ori\-ent\-ed Modeling and Simulation with Modelica 2.1",
   publisher = "Wiley-IEEE Press",
   pagetotal = {940},
   ISBN = {0-471-471631},
   year = 2004,
   month = feb,
}

%%%%%%%%%%%%%%%%%%%%%%%%%%%%%%%%%%%%%%%%%%%%%%%%%%%%%%%%%%%%%%%%%%%%%%%%%%%%%%%
%% [*2*] PhD/Lic theses
%%%%%%%%%%%%%%%%%%%%%%%%%%%%%%%%%%%%%%%%%%%%%%%%%%%%%%%%%%%%%%%%%%%%%%%%%%%%%%%

@PHDTHESIS{openmodelica.org:Anders:phd:2019,
  author = {Anders Andersson},
  title = {Distributed Moving Base Driving Simulators: Technology, Performance, and Requirements},
  type = "{Doctoral thesis No 1984}",
  year = {2019},
  address = {Department of Computer and Information Science},
  school = {Linköping University},
  isbn = {978-91-7685-090-9},
  issn = {0345-7524},
  doi = "10.3384/diss.diva-156537"
}

@PHDTHESIS{openmodelica.org:mahder:phd:2018,
  author = {Mahder Gebremedhin},
  title = {Automatic and Explicit Parallelization Approaches for Equation Based Mathematical Modeling and Simulation},
  type = "{Doctoral thesis No 1967}",
  year = {2018},
  address = {Department of Computer and Information Science},
  school = {Linköping University},
  isbn = {978-91-7685-163-0},
  issn = {0345-7524},
  doi = "10.3384/diss.diva-152789"
}

@PHDTHESIS{openmodelica.org:lennart:phd:2017,
  author = {Lennart Ochel},
  title = {Petri-Netz-basierte Simulation biologischer Prozesse mit OpenModelica},
  type = "{Doctoral thesis}",
  year = {2017},
  address = {AG Bioinformatik Technische Fakultät},
  school = {Universität Bielefeld},
  url = "https://pub.uni-bielefeld.de/record/2913956"
}


@PHDTHESIS{openmodelica.org:Stavaker:phd:2015,
  author = {Kristian Stavåker},
  title = {Contributions to Simulation of Modelica Models on Data-Parallel Multi-Core Architectures},
  type = "{Doctoral thesis No 1666}",
  year = {2015},
  address = {Department of Computer and Information Science},
  school = {Linköping University},
  isbn = {978-91-7519-068-6},
  issn = {0345-7524},
  doi = "10.3384/diss.diva-116338"
}


@PHDTHESIS{openmodelica.org:Mahder:lic:2015,
  author = {Mahder Gebremedhin},
  title = {Automatic and Explicit Parallelization Approaches for Mathematical Simulation Models},
  type = "{Licentiate Thesis No 1716}",
  year = {2015},
  address = {Department of Computer and Information Science},
  school = {Linköping University},
  isbn = {978-91-7519-048-8},
  issn = {0280-7971},
  doi = "10.3384/lic.diva-117346"
}

@PHDTHESIS{openmodelica.org:sjoelund:phd:2015,
  author = {Martin Sjölund},
  title = {Tools and Methods for Analysis, Debugging, and Performance Improvement of Equation-Based Models},
  type = "{Doctoral thesis No 1664}",
  year = {2015},
  address = {Department of Computer and Information Science},
  school = {Linköping University},
  isbn = {978-91-7519-071-6},
  issn = {0345-7524},
  doi = "10.3384/diss.diva-116346"
}

@PHDTHESIS{openmodelica.org:Roland:phd:2015,
  author = {Roland Samlaus},
  title = {An Integrated Development Environment with Enhanced Domain-Specific Interactive Model Validation},
  type = "{Doctoral thesis No 1652}",
  year = {2015},
  address = {Department of Computer and Information Science},
  school = {Linköping University},
  isbn = {978-91-7519-090-7},
  issn = {0345-7524},
  doi = "10.3384/diss.diva-114838"
}

@PHDTHESIS{openmodelica.org:Wladimir:phd:2013,
  author = {Wladimir Schamai},
  title = {Model-Based Verification of Dynamic System Behavior against Requirements: Method, Language, and Tool},
  type = "{Doctoral thesis No 1547}",
  year = {2013},
  address = {Department of Computer and Information Science},
  school = {Linköping University},
  isbn = {978-91-7519-505-6},
  issn = {0345-7524},
  doi = "10.3384/diss.diva-98107"
}

@PHDTHESIS{openmodelica.org:sjoelund:lic:2013,
  author = {Martin Sjölund},
  title = {Tools for Understanding, Debugging, and Simulation Performance Improvement of Equation-Based Models},
  type = "{Licentiate thesis No 1592}",
  year = {2013},
  address = {Department of Computer and Information Science},
  school = {Linköping University},
  isbn = {978-91-7519-624-4},
  issn = {0280-7971},
  liu = {LiU-Tek-Lic-2013:26},
  url = "http://urn.kb.se/resolve?urn=urn:nbn:se:liu:diva-90096",
  urldate = {2013-06-11},
}

@PHDTHESIS{openmodelica.org:stavaker:lic:2011,
  author = {Kristian Stavåker},
  title = {Contributions to Parallel Simulation of Equa\-tion-Based Models on Graphics Processing Units},
  type = "{Licentiate thesis No 1507}",
  year = {2011},
  address = {Department of Computer and Information Science},
  school = {Linköping University},
  isbn = {978-91-7393-047-5},
  liu = {LIU-TEK-LIC-2011:46},
  url = "http://urn.kb.se/resolve?urn=urn:nbn:se:liu:diva-71270",
  urldate = {2012-01-20},
}

@PHDTHESIS{openmodelica.org:broman:phd:2010,
 author = "David Broman",
 title = "{Meta-Languages and Semantics for Equa\-tion-Based Modeling and Simulation}",
 school = "Department of Computer and Information Science, Linköping University",
  type = "{Doctoral thesis No 1333}",
 number = "1333",
 address = "Sweden",
 month = oct,
 year = "2010",
 url = "http://urn.kb.se/resolve?urn=urn:nbn:se:liu:diva-58743",
 urldate = {2011-10-07},
}

@PHDTHESIS{openmodelica.org:pop:phd:2008,
 author = "Adrian Pop",
 title = {Integrated Model-Driven Development Environments for Equa\-tion-Based Ob\-ject-Ori\-ent\-ed Languages},
 school = "Department of Computer and Information Science, Linköping University",
 number = "1183",
  type = "{Doctoral thesis No 1183}",
 address = "Sweden",
 month = jun,
 year = "2008",
}

@PHDTHESIS{openmodelica.org:lundvall:lic:2008,
  author = {Håkan Lundvall},
  title = {Automatic Parallelization using Pipelining for Equa\-tion-Based Simulation Languages},
  type = "{Licentiate thesis No 1381}",
  year = {2008},
  address = {Department of Computer and Information Science},
  school = {Linköping University},
  isbn = {978-91-7393-799-3},
  liu = {LIU-TEK-LIC-2008:39},
  url = "http://urn.kb.se/resolve?urn=urn:nbn:se:liu:diva-12504",
  urldate = {2011-10-07},
}

@PHDTHESIS{openmodelica.org:aronsson:phd:2006,
  author = {Peter Aronsson},
  title = {Automatic Parallelization of Equa\-tion-Based Simulation Programs},
  type = "{Doctoral thesis No 1022}",
  month = jun,
  year = {2006},
  address = {Department of Computer and Information Science},
  school = {Linköping University},
  isbn = {91-85523-68-2},
  url = "http://urn.kb.se/resolve?urn=urn:nbn:se:liu:diva-7446",
  urldate = {2011-10-07},
}

@PHDTHESIS{openmodelica.org:saldamli:phd:2006,
 author = "Levon Saldamli",
 title = "{PDEModelica - A High-Level Language for Modeling with Partial Differential Equations}",
 school = "Department of Computer and Information Science, Linköping University",
 type = "{Doctoral thesis No 1016}",
 number = "1016",
 address = "Sweden",
 month = may,
 year = "2006",
 url = {http://urn.kb.se/resolve?urn=urn:nbn:se:liu:diva-7281},
 urldate = {2011-10-07},
}

@PHDTHESIS{openmodelica.org:bunus:phd:2004,
  author = {Peter Bunus},
  title = {Debugging techniques for Equa\-tion-Based languages},
  year = {2004},
  type = "{Doctoral thesis No 873}",
  address = {Department of Computer and Information Science},
  school = {Linköping University},
  isbn = {91-7373-941-3},
  url = "http://urn.kb.se/resolve?urn=urn:nbn:se:liu:diva-35555",
  urldate = {2011-10-07},
}

@PHDTHESIS{openmodelica.org:bunus:lic:2002,
  author = {Peter Bunus},
  title = {Debugging and Structural Analysis of Declarative Equa\-tion-Based Languages},
  type = "{Licentiate thesis No 964}",
  year = {2002},
  address = {Department of Computer and Information Science},
  school = {Linköping University},
  issn = {0280-7971},
  liu = {LiU-Tek-Lic-2002:37},
  url = "http://urn.kb.se/resolve?urn=urn:nbn:se:liu:diva-5727",
  urldate = {2011-10-07},
}

@phdthesis{openmodelica.org:engelson:phd:2000,
  author = {Engelson, Vadim},
  title = {Tools for design, interactive simulation, and visualization of Ob\-ject-Ori\-ent\-ed models in scientific computing},
  number = {627},
  type = "{Doctoral thesis No 627}",
  address = {Department of Computer and Information Science},
  school = {Linköping University},
  year = {2000},
  url = {http://urn.kb.se/resolve?urn=urn:nbn:se:liu:diva-35606},
  urldate = {2011-10-07},
}

@PHDTHESIS{openmodelica.org:pettersson:phd:citerelated,
  crossref = {openmodelica.org:pettersson:phd},
  note = "Also published in \cite{openmodelica.org:pettersson:lncs:1999}",
}

@PHDTHESIS{openmodelica.org:pettersson:phd,
 author = "Mikael Pettersson",
 title = "{Compiling Natural Semantics}",
 school = "Department of Computer and Information Science, Linköping University",
  type = "{Doctoral thesis No 413}",
 number = "413",
 address = "Sweden",
 year = 1995
}

@book{openmodelica.org:pettersson:lncs:1999,
  author    = {Mikael Pettersson},
  title     = {Compiling Natural Semantics},
  publisher = {Springer},
  series    = {Lecture Notes in Computer Science},
  volume    = {1549},
  year      = {1999},
  isbn      = {3-540-65968-4},
  doi       = {10.1007/b71652},
  bibsource = {DBLP, http://dblp.uni-trier.de}
}

%%%%%%%%%%%%%%%%%%%%%%%%%%%%%%%%%%%%%%%%%%%%%%%%%%%%%%%%%%%%%%%%%%%%%%%%%%%%%%%
%% [*3*] MSc/BSc theses
%%%%%%%%%%%%%%%%%%%%%%%%%%%%%%%%%%%%%%%%%%%%%%%%%%%%%%%%%%%%%%%%%%%%%%%%%%%%%%%

@mastersthesis{openmodelica.org:Tinnerholm:msc:2019,
   author = {John Tinnerholm},
   title = {{An LLVM backend for the Open Modelica Compiler}},
   year = {2019},
   address = {Department of Computer and Information Science},
   school = {Linköping University},
   pages = {95},
   supervisor = {Supervisor: Martin Sjölund},
   examiner = {Examiner: Peter Fritzson},
   isrn = {LIU-IDA/LITH-EX-A--19/001--SE},
   url = {http://urn.kb.se/resolve?urn=urn:nbn:se:liu:diva-154291},
   urldate = {2019-05-17},
}

@mastersthesis{openmodelica.org:Manas:msc:2019,
   author = {Manas Ranjan Das},
   title = {{Developing a Generic Purpose OpenModelica Package for Embedded Applications}},
   year = {2019},
   address = {Department of Chemical Engineering},
   school = {IIT Bombay},
   pages = {91},
   examiner = {Examiner: Kannan Moudgalya},
   url = {https://www.openmodelica.org/images/M_images/Masterthesis/MTP_Report.pdf},
}

@mastersthesis{openmodelica.org:ErikssonAndersson:msc:2018,
   author = {Simon Eriksson and Patrik Andersson},
   title = {{Efficient IR for the OpenModelica Compiler}},
   year = {2018},
   address = {Department of Computer and Information Science},
   school = {Linköping University},
   pages = {55},
   supervisor = {Supervisor: Martin Sjölund},
   examiner = {Examiner: Peter Fritzson},
   isrn = {LIU-IDA/LITH-EX-A--18/014--SE},
   url = {http://urn.kb.se/resolve?urn=urn:nbn:se:liu:diva-148321},
   urldate = {2019-05-17},
}

@MASTERSTHESIS{openmodelica.org:ForsJohansson:bsc:2017,
   author = {Christoffer Fors Johansson},
   title = {{OpenModelica Interactive Simulation using an OPC UA client}},
   year = {2017},
   address = {Department of Computer and Information Science},
   school = {Linköping University},
   month = jun,
   supervisor = {Supervisors: Martin Sjölund, Adeel Asghar},
   examiner = {Examiner: Bernhard Thiele},
   type = {Bachelor's thesis},
   isrn = {LIU-IDA/LITH-EX-G--17/038--SE},
   url = "http://urn.kb.se/resolve?urn=urn:nbn:se:liu:diva-139085",
   urldate = {2017-11-03},
}

@MASTERSTHESIS{openmodelica.org:sudeep:msc:2016,
  author = {Sudeep Bajracharya},
  title = {{Enhanced OpenModelica Python Interface}},
  year = {2016},
  address = {Department of Computer and Information Science},
  school = {Linköping University},
  month = apr,
  supervisor = {Supervisor: Lena Buffoni},
  examiner = {Examiner: Peter Fritzson},
  isrn = {LIU-IDA/LITH-EX-A--16/014—SE},
  url = "http://urn.kb.se/resolve?urn=urn:nbn:se:liu:diva-127383",
  urldate = {2017-11-03},
}

@MASTERSTHESIS{openmodelica.org:Nicke:msc:2015,
  author = {Nicke Sievert},
  title = {{Modelica Models in a Distributed Environment Using FMI and HLA}},
  year = {2015},
  address = {Department of Computer and Information Science},
  school = {Linköping University},
  month = dec,
  supervisor = {Supervisor: Lena Buffoni},
  examiner = {Examiner: Peter Fritzson},
  isrn = {LIU-IDA/LITH-EX-A--15/075—SE},
  url = "http://urn.kb.se/resolve?urn=urn:nbn:se:liu:diva-131385",
  urldate = {2017-11-03},
}

@MASTERSTHESIS{openmodelica.org:Gustaf:msc:2015,
  author = {Gustaf Thorslund},
  title = {{Simulating Partial Differential Equations using the Explicit Parallelism of ParModelica}},
  year = {2015},
  address = {Department of Computer and Information Science},
  school = {Linköping University},
  month = jun,
  supervisor = {Supervisor: Lena Buffoni},
  examiner = {Examiner: Peter Fritzson},
  isrn = {LIU-IDA/LITH-EX-A--15/032-SE},
  url = "http://urn.kb.se/resolve?urn=urn:nbn:se:liu:diva-120079",
  urldate = {2015-07-07},
}

@MASTERSTHESIS{openmodelica.org:James:msc:2015,
  author = {James Jizhi Li},
  title = {{Requirement Verification in Modelica For a Small Scale Network Simulation}},
  year = {2015},
  address = {Department of Computer and Information Science},
  school = {Linköping University},
  month = jun,
  supervisor = {Supervisor: Lena Buffoni},
  supervisor = {Supervisor: Lars Ake Larsson},
  examiner = {Examiner: Peter Fritzson},
  isrn = {LIU-IDA/LITH-EX-A--15/035--SE},
}

@MASTERSTHESIS{openmodelica.org:Ibrahim:msc:2015,
  author = {Ibrahim Bumin Kara},
  title = {{Design and Implementation of the ModelicaML Code Generator Using Acceleo 3.X}},
  year = {2015},
  address = {Department of Computer and Information Science},
  school = {Linköping University},
  month = may,
  supervisor = {Supervisor: Lena Buffoni},
  examiner = {Examiner: Peter Fritzson},
  isrn = {LIU-IDA/LITH-EX-A--15/012-SE},
  url = "http://urn.kb.se/resolve?urn=urn:nbn:se:liu:diva-117873",
  urldate = {2015-05-20},
}

@MASTERSTHESIS{openmodelica.org:Mohammad:msc:2014,
  author = {Mohammad Jahanzeb},
  title = {{Type Inferencing and MATLAB to Modelica Translation}},
  year = {2014},
  address = {Department of Computer and Information Science},
  school = {Linköping University},
  month = sep,
  supervisor = {Supervisor: Lena Buffoni},
  examiner = {Examiner: Peter Fritzson},
  isrn = {LIU-IDA/LITH-EX-A--14/051--SE},
  url = "http://urn.kb.se/resolve?urn=urn:nbn:se:liu:diva-111048",
  urldate = {2014-11-19},
}

@MASTERSTHESIS{openmodelica.org:Shilu:msc:2014,
  author = {Shilu Shrestha},
  title = {Software Modeling in Cyber-Physical Systems},
  year = {2014},
  address = {Department of Computer and Information Science},
  school = {Linköping University},
  month = sep,
  supervisor = {Supervisor: Lena Buffoni},
  examiner = {Examiner: Peter Fritzson},
  isrn = {LIU-IDA/LITH-EX-A--14/050--SE},
  url = "http://urn.kb.se/resolve?urn=urn:nbn:se:liu:diva-111435",
  urldate = {2014-10-17},
}

@MASTERSTHESIS{openmodelica.org:Carlqvist:msc:2014,
  author = {Alexander Carlqvist},
  title = {{OpenModelica Support for Figaro Extensions Regarding Fault Analysis}},
  year = {2014},
  address = {Department of Computer and Information Science},
  school = {Linköping University},
  month = jun,
  supervisor = {Supervisor: Lena Buffoni},
  examiner = {Examiner: Peter Fritzson},
  isrn = {LIU-IDA/LITH-EX-G--14/042--SE},
  url = "http://urn.kb.se/resolve?urn=urn:nbn:se:liu:diva-107393",
  urldate = {2014-06-12},
}

@MASTERSTHESIS{openmodelica.org:manokar:msc:2014,
  author = {Manokar Munisamy},
  title = {{A Template-Based Java Code Generator for OpenModelica and MetaModelica}},
  year = {2014},
  address = {Department of Computer and Information Science},
  school = {Linköping University},
  month = May,
  supervisor = {Supervisor: Lena Buffoni},
  examiner = {Examiner: Peter Fritzson},
  isrn = {LIU-IDA/LITH-EX-A--14/022--SE},
  url = "http://urn.kb.se/resolve?urn=urn:nbn:se:liu:diva-110029",
  urldate = {2014-09-02},
}


@MASTERSTHESIS{openmodelica.org:arun:msc:2012,
  author = {Arunkumar Palanisamy},
  title = {{Extended Metamodelica Based Integrated Compiler Generator}},
  year = {2012},
  address = {Department of Computer and Information Science},
  school = {Linköping University},
  month = oct,
  supervisor = {Supervisor: Olena Rogovchenko},
  examiner = {Examiner: Peter Fritzson},
  isrn = {LIU-IDA/LITH-EX-A--12/058--SE},
  url = "http://urn.kb.se/resolve?urn=urn:nbn:se:liu:diva-86365",
  urldate = {2012-12-14},
}

@MASTERSTHESIS{openmodelica.org:alachew:msc:2012,
  author = {Alachew Shitahun},
  title = {Template Based {XML} and {Modelica Unparsers} in {OpenModelica}},
  year = {2012},
  address = {Department of Computer and Information Science},
  school = {Linköping University},
  month = aug,
  supervisor = {Supervisor: Olena Rogovchenko},
  examiner = {Examiner: Peter Fritzson},
  isrn = {LIU-IDA/LITH-EX-A--12/046--SE},
  url = "http://urn.kb.se/resolve?urn=urn:nbn:se:liu:diva-81999",
  urldate = {2012-10-02},
}

@MASTERSTHESIS{openmodelica.org:anand:msc:2012,
  author = {Anand Ganeson},
  title = {Design and Implementation of a User Friendly {OpenModelica} - {Python} interface},
  year = {2012},
  address = {Department of Computer and Information Science},
  school = {Linköping University},
  month = aug,
  supervisor = {Supervisor: Olena Rogovchenko},
  examiner = {Examiner: Peter Fritzson},
  isrn = {LIU-IDA/LITH-EX-A--12/037--SE},
  url = "http://urn.kb.se/resolve?urn=urn:nbn:se:liu:diva-78992",
  urldate = {2012-08-10},
}

@MASTERSTHESIS{openmodelica.org:jhansi:msc:2012,
  author = {Jhansi Reddy Remala},
  title = {OMSketch: Graphical Sketch Editor in {OpenModelica} Interactive Notebook},
  year = {2012},
  address = {Department of Computer and Information Science},
  school = {Linköping University},
  month = jan,
  supervisor = {Supervisor: Mohsen Torabzadeh-Tari},
  supervisor = {Supervisor: Olena Rogovchenko},
  examiner = {Examiner: Peter Fritzson},
  isrn = {LIU-IDA/LITH-EX-A—11/054--SE},
  url = "http://urn.kb.se/resolve?urn=urn:nbn:se:liu:diva-74474",
  urldate = {2012-03-08},
}

@MASTERSTHESIS{openmodelica.org:afshin:msc:2011,
  author = {Afshin Hemmati Moghadam},
  title = {{Modelica} PARallel benchmark suite (MPAR) - a test suite for evaluating the performance of {parallel simulations} of Modelica models},
  year = {2011},
  address = {Department of Computer and Information Science},
  school = {Linköping University},
  month = dec,
  supervisor = {Supervisor: Kristian Stavåker},
  examiner = {Examiner: Peter Fritzson},
  isrn = {LIU-IDA/LITH-EX-A—11/042—SE},
  url = "http://urn.kb.se/resolve?urn=urn:nbn:se:liu:diva-72685",
  urldate = {2011-12-05},
}

@MASTERSTHESIS{openmodelica.org:mahder:msc:2011,
  author = {Mahder Gebremedhin},
  title = {{ParModelica}: Extending the Algorithmic Subset of {Modelica} with Explicit Parallel LanguageConstructs for {Multi-core Simulation}},
  year = {2011},
  address = {Department of Computer and Information Science},
  school = {Linköping University},
  month = nov,
  supervisor = {Supervisor: Kristian Stavåker},
  examiner = {Examiner: Peter Fritzson},
  isrn = {LIU-IDA/LITH-EX-A—11/043—SE},
  url = "http://urn.kb.se/resolve?urn=urn:nbn:se:liu:diva-71612",
  urldate = {2011-10-26},
}

@MASTERSTHESIS{openmodelica.org:roohul:msc:2011,
  author = {Roohul Halim, Syed Atif Shaharyar.},
  title = {FrontWay PaperFront to OpenModelica Translator},
  year = {2011},
  address = {Department of Computer and Information Science},
  school = {Linköping University},
  month = oct,
  supervisor = {Supervisor: Mohsen Torabzadeh-Tari},
  examiner = {Examiner: Peter Fritzson},
  isrn = {LIU-IDA/LITH-EX-A--11/040--SE},
  url = "http://urn.kb.se/resolve?urn=urn:nbn:se:liu:diva-72085",
  urldate = {2011-11-16},
}

@MASTERSTHESIS{openmodelica.org:david:msc:2011,
  author = {David Malo Cid},
  title = {{OpenModelica} for Analog IC Design},
  year = {2011},
  address = {Department of Computer and Information Science},
  school = {Linköping University},
  month = aug,
  supervisor = {Supervisor: Mohsen Torabzadeh-Tari},
  examiner = {Examiner: Jacob Wikner },
  isrn = {LITH-IDA/ERASMUS-A---11/001--SE},
  url = "http://urn.kb.se/resolve?urn=urn:nbn:se:liu:diva-70657",
  urldate = {2011-09-14},
}
@MASTERSTHESIS{openmodelica.org:lopez:msc:2011,
  author = {Edgar Alonso Lopez-Rojas},
  title = {{OMCCp}: A {MetaModelica} Based Parser Generator Applied to {Modelica}},
  year = {2011},
  address = {Department of Computer and Information Science},
  school = {Linköping University},
  month = may,
  supervisor = {Supervisor: Martin Sjölund},
  examiner = {Examiner: Peter Fritzson},
  isrn = {LIU-IDA/LITH-EX-A--11/019--SE},
  url = "http://urn.kb.se/resolve?urn=urn:nbn:se:liu:diva-68863",
  urldate = {2011-10-07},
  pdf = "http://liu.diva-portal.org/smash/get/diva2:421575/FULLTEXT01",
}

@MASTERSTHESIS{openmodelica.org:haris:msc:2011,
  author = {Haris Kapidzic},
  title = {Developing a new {2D-plotting} package for {OpenModelica}},
  year = {2011},
  address = {Department of Computer and Information Science},
  school = {Linköping University},
  month = may,
  supervisor = {Supervisor: Mohsen Torabzadeh-Tari},
  supervisor = {Supervisor: Adeel Asghar},
  examiner = {Examiner: Peter Fritzson},
  isrn = {LIU-IDA/LITH-EX-G—11/007—SE},
  url = "http://urn.kb.se/resolve?urn=urn:nbn:se:liu:diva-67955",
  urldate = {2011-05-05},
}

@MASTERSTHESIS{openmodelica.org:asghar:msc:2010,
  author = {Syed Adeel Asghar and Sonia Tariq},
  title = {Design and Implementation of a User Friendly {OpenModelica} Graphical Connection Editor},
  year = {2010},
  address = {Department of Computer and Information Science},
  school = {Linköping University},
  month = dec,
  supervisor = {Supervisor: Mohsen Torabzadeh-Tari},
  examiner = {Examiner: Peter Fritzson},
  isrn = {LIU-IDA/LITH-EX-A--10/047--SE},
  url = "http://urn.kb.se/resolve?urn=urn:nbn:se:liu:diva-65864",
}

@MASTERSTHESIS{openmodelica.org:rickard:msc:2010,
  author = {Rickard Lindberg},
  title = { A Template Based Code Generator for the {OpenModelica} Compiler},
  year = {2010},
  address = {Department of Computer and Information Science},
  school = {Linköping University},
  month = mar,
  supervisor = {Supervisor: Kristian Stavåker},
  examiner = {Examiner: Peter Fritzson},
  isrn = {LIU-IDA/LITH-EX-A--10/006--SE},
  url = "http://urn.kb.se/resolve?urn=urn:nbn:se:liu:diva-54463",
  urldate = {2010-03-17},
}

@MASTERSTHESIS{openmodelica.org:vasaiely:bsc:2009,
  author = {Parham Vasaiely},
  title = {Interactive Simulation of {SysML} Models using {Modelica}},
  year = {2009},
  type = {Bachelor's thesis},
  address = {Fakultät Technik und Informatik},
  school = {Hochschule für Angewandte Wissenschaften Hamburg},
  month = aug,
  supervisor = {Supervisor: Bettina Buth},
  examiner = {Examiner: Olaf Zukunft},
  pdf = "http://www.ida.liu.se/labs/pelab/modelica/OpenModelica/Documents/Interactive_Simulation_of_SysML_Models_using_Modelica.pdf",
}

@MASTERSTHESIS{openmodelica.org:oestlund:msc:2009,
  author = {Per Östlund},
  title = {{Simulation of Modelica Models on the CUDA Architecture}},
  year = {2009},
  address = {Department of Computer and Information Science},
  school = {Linköping University},
  month = nov,
  supervisor = {Supervisor: Kristian Stavåker},
  examiner = {Examiner: Peter Fritzson},
  isrn = {LIU-IDA/LITH-EX-A--09/062--SE},
  url = "http://urn.kb.se/resolve?urn=urn:nbn:se:liu:diva-52060",
}

@mastersthesis{openmodelica.org:sjoelund:msc:2009,
  author = {Martin Sjölund},
  title = {Bidirectional External Function Interface Between {Modelica}/{MetaModelica} and {Java}},
  year = {2009},
  address = {Department of Computer and Information Science},
  school = {Linköping University},
  month = aug,
  type = {Master's thesis},
  supervisor = {Supervisor: Adrian Pop},
  examiner = {Examiner: Peter Fritzson},
  isrn = {LIU-IDA/LITH-EX-A--09/041--SE},
  url = {http://urn.kb.se/resolve?urn=urn:nbn:se:liu:diva-20386},
  urldate = {2011-10-07},
  pdf = {http://www.ida.liu.se/~marsj/pdf/marsj_msc_thesis.pdf},
}

@MASTERSTHESIS{openmodelica.org:klas:msc:2009,
  author = {Klas Sjöholm},
  title = { Debugging Equa\-tion-Based Languages in {OpenModelica} Environment},
  year = {2009},
  address = {Department of Computer and Information Science},
  school = {Linköping University},
  month = jun,
  supervisor = {Supervisor: Peter Bunus },
  examiner = {Examiner: Peter Fritzson},
  isrn = {LIU-IDA/LITH-EX-A--09/017--SE},
  url = "http://urn.kb.se/resolve?urn=urn:nbn:se:liu:diva-19866",
  urldate = {2009-08-14},
}

@MASTERSTHESIS{openmodelica.org:vasile:msc:2009,
  author = {Vasile Baluta},
  title = { Requirements and Inheritance support to {ModelicaML}},
  year = {2009},
  address = {Department of Computer and Information Science},
  school = {Linköping University},
  month = jun,
  supervisor = {Supervisor: Adrian Pop},
  examiner = {Examiner: Peter Fritzson},
}

@MASTERSTHESIS{openmodelica.org:magnusson:msc:2008,
  author = {Henrik Magnusson},
  title = {Integrated generic {3D }visualization of {Modelica} models},
  year = {2008},
  address = {Department of Computer and Information Science},
  school = {Linköping University},
  month = nov,
  supervisor = {Supervisor: Anders Sandholm},
  examiner = {Examiner: Peter Fritzson},
  isrn = {LIU-IDA/LITH-EX-A-08/035-SE},
  url = "http://urn.kb.se/resolve?urn=urn:nbn:se:liu:diva-15453",
  urldate = {2008-11-19},
}

@MASTERSTHESIS{openmodelica.org:eriksson:msc:2008,
  author = {Henrik Eriksson},
  title = {Advanced {OpenModelica} plotting package for {Modelica}},
  year = {2008},
  address = {Department of Computer and Information Science},
  school = {Linköping University},
  month = oct,
  supervisor = {Supervisor: Anders Sandholm},
  examiner = {Examiner: Peter Fritzson},
  isrn = {LIU-IDA/LITH-EX-A--08/036--SE},
  url = "http://urn.kb.se/resolve?urn=urn:nbn:se:liu:diva-15075",
  urldate = {2008-10-20},
}

@MASTERSTHESIS{openmodelica.org:kim:msc:2008,
  author = {Kim Jansson and Joel Klinghed},
  title = {Incremental Compilation and Dynamic Loading of Functions in {OpenModelica}},
  year = {2008},
  address = {Department of Computer and Information Science},
  school = {Linköping University},
  month = jun,
  supervisor = {Supervisor: Adrian Pop},
  examiner = {Examiner: Peter Fritzson},
  isrn = {LIU-IDA/LITH-EX-A--08/029--SE},
  url = "http://urn.kb.se/resolve?urn=urn:nbn:se:liu:diva-12329",
  urldate = {2008-06-24},
}

@MASTERSTHESIS{openmodelica.org:simon:msc:2008,
  author = {Simon Björklén},
  title = {Extending {Modelica} with High-Level Data Structures: Design and Implementation in {OpenModelica}},
  year = {2008},
  address = {Department of Computer and Information Science},
  school = {Linköping University},
  month = jun,
  supervisor = {Supervisor: Adrian Pop},
  examiner = {Examiner: Peter Fritzson},
  isrn = {LIU-IDA/LITH-EX-A--08/030--SE},
  url = "http://urn.kb.se/resolve?urn=urn:nbn:se:liu:diva-12148",
  urldate = {2008-06-23},
}

@mastersthesis{openmodelica.org:fernstroem:msc:2006,
  author = {Anders Fernström.},
  title = {Extending {OpenModelica Notebook} – An Interactive Notebook for Structured {Modelica} Documents},
  year = {2006},
  address = {Department of Computer and Information Science},
  school = {Linköping University},
  month = sep,
  note = {LITH-IDA-EX–06/057—SE}
}

@mastersthesis{openmodelica.org:akhvlediani:msc:2006,
  author = {David Akhvlediani},
  title = {{ModelicaML}: Design and implementation of a {UML} profile for {Modelica/SysML}},
  year = {2006},
  address = {Department of Computer and Information Science},
  school = {Linköping University},
  month = sep,
  supervisor = {Supervisor: Adrian Pop},
  examiner = {Examiner: Peter Fritzson}
}

@mastersthesis{openmodelica.org:remar:msc:2006,
  author = {Andreas Remar and Elmir Jagudin},
  title = {{Modelica} and {Meta-Modelica} {IDE} plugin for {Eclipse}},
  year = {2006},
  address = {Department of Computer and Information Science},
  school = {Linköping University},
  month = apr,
  supervisor = {Supervisor: Adrian Pop},
  examiner = {Examiner: Peter Fritzson},
  url = {http://www.ida.liu.se/~pelab/modelica/OpenModelica/MDT},
}

@mastersthesis{openmodelica.org:beermann:msc:2005,
  author = {Mattias Beermann},
  title = {Collaborative web content management - Wiki and beyond},
  year = {2005},
  address = {Department of Computer and Information Science},
  school = {Linköping University},
  month = dec,
  supervisor = {Supervisor: Adrian Pop},
  examiner = {Examiner: Peter Fritzson}
}

@mastersthesis{openmodelica.org:carlsson:msc:2005,
  author = {Emil Carlsson},
  title = {Translating Natural Semantics (Relational Meta-Language) to Meta-Modelica},
  year = {2005},
  address = {Department of Computer and Information Science},
  school = {Linköping University},
  month = oct,
  supervisor = {Supervisor: Adrian Pop},
  examiner = {Examiner: Peter Fritzson}
}

@mastersthesis{openmodelica.org:axelsson:msc:2005,
  author = {Ingemar Axelsson},
  title = {{OpenModelica Notebook} for Interactive Structured {Modelica} Documents},
  year = {2005},
  address = {Department of Computer and Information Science},
  school = {Linköping University},
  month = oct,
  note = {LITH-IDA-EX–05/080–SE}
}

@mastersthesis{openmodelica.org:carlsson:karlsson:msc:2005,
  author = {Henrik Carlsson and Johan Karlsson},
  title = {Kontextuell ärendehantering (Workflow Engines)},
  year = {2005},
  address = {Department of Computer and Information Science},
  school = {Linköping University},
  month = feb,
  supervisor = {Supervisor: Adrian Pop},
  examiner = {Examiner: Peter Fritzson}
}

@mastersthesis{openmodelica.org:hakan:msc:1999,
  author = {Håkan Larsson},
  title = {Translation of {3D CAD} models to {Modelica}},
  year = {1999},
  address = {Department of Computer and Information Science},
  school = {Linköping University},
  month = mar,
  supervisor = {Supervisor: Peter Fritzson},
  examiner = {Examiner: Peter Fritzson}
}

%%%%%%%%%%%%%%%%%%%%%%%%%%%%%%%%%%%%%%%%%%%%%%%%%%%%%%%%%%%%%%%%%%%%%%%%%%%%%%%
%% [*4*] Journal articles
%%%%%%%%%%%%%%%%%%%%%%%%%%%%%%%%%%%%%%%%%%%%%%%%%%%%%%%%%%%%%%%%%%%%%%%%%%%%%%%

@article{openmodelica.org:kinnander:mic:2016,
  title={{Industrial Evaluation of Integrated Performance Analysis and Equation Model Debugging for Equation-Based Models}},
  author={Åke Kinnander and Martin Sjölund and Adrian Pop},
  journal={Modeling, Identification and Control},
  volume={37},
  number={4},
  pages={225--236},
  year={2016},
  doi={10.4173/mic.2016.4.3},
  publisher={Norwegian Society of Automatic Control}
};

@article{openmodelica.org:qin:amc:2016,
  title={{Efficient index reduction algorithm for large scale systems of differential algebraic equations}},
  author={Xiaolin Qin and Juan Tang and Yong Feng and Bernhard Bachmann and Peter Fritzson},
  journal={Applied Mathematics and Computation},
  volume={277},
  pages={10--22},
  year={2016},
  doi={10.1016/j.amc.2015.11.091},
  publisher={ELSEVIER SCIENCE INC}
};

@article{openmodelica.org:samlaus:tsms:2015,
  title={{Semantic validation of physical models using role models}},
  author={Roland Samlaus and Peter Fritzson},
  journal={Transactions of The Society for Modeling and Simulation International},
  volume={91},
  number={4},
  pages={383--399},
  year={2015},
  doi={10.1177/0037549715580174},
  publisher={SAGE Publications (UK and US)}
};

@article{openmodelica.org:thiele:mic:2015,
  title={{Towards Qualifiable Code Generation from a Clocked Synchronous Subset of Modelica}},
  author={Bernhard Thiele and Alois Knoll and Peter Fritzson},
  journal={Modeling, Identification and Control},
  volume={36},
  number={1},
  pages={23--52},
  year={2015},
  doi={10.4173/mic.2015.1.3},
  publisher={Norwegian Society of Automatic Control}
};

@article{openmodelica.org:schamai:mic:2014,
  title={{An Approach to Automated Model Composition Illustrated in the Context of Design Verification}},
  author={Wladimir Schamai and Lena Buffoni and Peter Fritzson},
  journal={Modeling, Identification and Control},
  volume={35},
  number={2},
  pages={79--91},
  year={2014},
  doi={10.4173/mic.2014.2.2},
  publisher={Norwegian Society of Automatic Control}
};

@article{openmodelica.org:pop:mic:2014,
  title={{Integrated Debugging of Modelica Models}},
  author={Adrian Pop and Martin Sjölund and Adeel Ashgar and Peter Fritzson and Francesco Casella},
  journal={Modeling, Identification and Control},
  volume={35},
  number={2},
  pages={93--107},
  year={2014},
  doi={10.4173/mic.2014.2.3},
  publisher={Norwegian Society of Automatic Control}
};


@article{openmodelica.org:sjoelund:mic:2014,
  title={{Bootstrapping a Compiler for an Equation-Based Object-Oriented Language}},
  author={Martin Sjölund and Peter Fritzson and Adrian Pop},
  journal={Modeling, Identification and Control},
  volume={35},
  number={1},
  pages={1--19},
  year={2014},
  doi={10.4173/mic.2014.1.1},
  publisher={Norwegian Society of Automatic Control}
}

@article{openmodelica.org:Arash:cep:2014,
  title={{Standalone DC Microgrids as Complementarity Dynamical Systems: Modeling and Applications}},
  author={ Arash Disqah and Alireza Maheri and Krishna Busawon and Peter Fritzson},
  journal={Control Engineering Practice},
  volume={35},
  number={10},
  pages={102--112},
  year={2014},
  doi={10.1016/j.conengprac.2014.10.006},
  publisher={Elsevier}
}


@Article{openmodelica.org:schamai:smsi:2013,
author = {Wladimir Schamai and Peter Fritzson and Chris JJ Paredis},
title = {Translation of UML State Machines to Modelica: Handling Semantic Issues. In SIMULATION},
journal = {Transactions of the The Society of Modeling and Simulation International. Volume 89 Issue 4 April},
doi = {10.1177/0037549712470296},
year = {2013}
}


@Article{openmodelica.org:rogovchenko:jcc:2013,
author = {Lena Rogovchenko-Buffoni and Andrea Tundis and Muhammed Zoheb Hossain and Mattias Nyberg and Peter Fritzson},
title = {An Integrated Toolchain For Model Based Functional Safety Analysis.},
journal = {Journal of Computational Science},
volume={5},
number={3},
pages={408--414},
year = {2013},
doi = {10.1016/j.jocs.2013.08.009}
}



@Article{openmodelica.org:myers:ieee:2011,
author = {Toby Myers and Peter Fritzson and Geoff Dromey},
title = {Co-Modeling: From Requirements to an Integrated Software/Hardware Model},
journal = {IEEE Computer},
volume={44},
pages={62--70},
doi = {http://ieeexplore.ieee.org/stamp/stamp.jsp?arnumber=5582102 },
year = {2011}
}

@Article{openmodelica.org:krish:math:2011,
author = {Krishnamurthy Sheshadri and Peter Fritzson},
title = {MathPDE: A Package to Solve PDEs by Finite Differences},
journal = {Mathematica Journal},
volume={13},
doi = {http://www.mathematica-journal.com/2011/12/mathpde-a-package-to-solve-pdes-by-finite-differences/ },
year = {2011}
}


@article{openmodelica.org:broman:sne:2009,
 author = {David Broman and Peter Fritzson},
 title = {Higher-Order Acausal Models},
 journal = {Simulation News Europe},
 volume = {19},
 number = {1},
 year = {2009},
 pages = {5--16},
 publisher = {ARGESIM}
}

@ARTICLE{openmodelica.org:edelfeldt:smpt:2008,
  author    = {Stina Edelfeldt and
               Peter Fritzson},
  title     = {Evaluation and comparison of models and modelling tools
               simulating nitrogen processes in treatment wetlands},
  journal   = {Simulation Modelling Practice and Theory},
  volume    = {16},
  number    = {1},
  year      = {2008},
  pages     = {26--49},
  doi       = {10.1016/j.simpat.2007.08.010},
  bibsource = {DBLP, http://dblp.uni-trier.de}
}

@ARTICLE{openmodelica.org:hakan:can:2008,
  author    = {Håkan Lundvall and Kristian Stavåker and Peter Fritzson and Christoph Kessler},
  title     = {Automatic Parallelization of Simulation Code for Equation-based Models with Software Pipelining and Measurements on Three Platforms},
  journal   = {Computer Architecture News},
  volume    = {36},
  number    = {5},
  year      = {2008}
}

@ARTICLE{openmodelica.org:peter:math:2008,
  author    = {Peter Fritzson and Vadim Engelson and Krishnamurthy Sheshadri},
  title     = {MathCode: A System for C++ or Fortran Code Generation from Mathematica},
  journal   = {Mathematica Journal},
  volume    = {10},
  number    = {4},
  year      = {2008},
  doi       = { http://www.mathematica-journal.com/2008/11/mathcode-a-system-for-c-or-fortran-code-generation-from-mathematica/ }
}

@ARTICLE{openmodelica.org:pop:sne:2007,
  author = {Adrian Pop and David Akhvlediani and Peter Fritzson},
  title = {Towards Unified System Modeling with the {ModelicaML} {UML} Profile},
  journal = {Simulation News Europe},
  volume = {17},
  number = {2},
  pages = {9--15},
  issn = {0929-2268},
  month = sep,
  year = 2007,
}

@ARTICLE{openmodelica.org:Filip:wst:2007,
  author = {Filip H.A. Claeys and Peter Fritzson and Peter A. Vanrolleghem},
  title = {Generating efficient executable models for complex virtual experimentation with the Tornado kernel},
  journal = {Water science and technology},
  volume = {56},
  number = {6},
  pages = {65--73},
  issn = {0273-1223},
  month = oct,
  year = 2007,
  doi  = {10.2166/wst.2007.581}
}

@ARTICLE{openmodelica.org:Pop:ENTCS:2007,
  author = {Adrian Pop and Peter Fritzson},
  title = {An Eclipse-based Integrated Environment for Developing Executable Structural Operational Semantics Specifications},
  journal = {Electronic Notes in Theoretical Computer Science (ENTCS)},
  volume = {175},
  number = {1},
  pages = {71--75},
  issn = {1571-0661},
  month = may,
  year = 2007,
  doi  = {10.1016/j.entcs.2006.11.019}
}

@ARTICLE{openmodelica.org:peter:math:2006,
  author = {Peter Fritzson},
  title = {MathModelica - An Object Oriented Mathematical Modeling and Simulation Environment},
  journal = {Mathematica Journal},
  volume = {10},
  number = {1},
  pages = {187--264},
  issn = {1047-5974},
  month = feb,
  year = 2006,
  pdf  = {http://www.mathematica-journal.com/issue/v10i1/contents/MathModelicaPaper/MathModelicaPaper.pdf}
}

@ARTICLE{openmodelica.org:fritzson:sne:2005,
  author = {Peter Fritzson and Peter Aronsson and Håkan Lundvall and Kaj Nyström and Adrian Pop and Levon Saldamli and David Broman},
  title = {{The OpenModelica Modeling, Simulation, and Software Development Environment}},
  journal = {Simulation News Europe},
  pages = {8--16},
  year = {2005},
  month = dec,
  volume = {15},
  number = {44/45},
  pdf  = {https://www.sne-journal.org/fileadmin/user_upload_sne/SNE_Issues_OA/SNE_15/sne.15.44-45.pdf}
}

@ARTICLE{openmodelica.org:Pop:ENTCS:2005,
  author = {Adrian Pop and Ilie Savga and Uwe Assmann and Peter Fritzson},
  title = {Composition of XML dialects: A ModelicaXML Case Study},
  journal = {Electronical Notes in Theoretical Computer Science},
  volume = {114},
  pages = {137--152},
  issn = {1571-0661},
  year = 2005,
  DOI  = {10.1016/j.entcs.2004.02.071}
}

@ARTICLE{openmodelica.org:bunus:TSMS:2004,
  author = {Peter Bunus and Peter Fritzson},
  title = {Automated Static Analysis of Equation-Based Components},
  journal = {Transactions of The Society for Modeling and Simulation International},
  volume = {80},
  number ={7-8},
  pages = {321--345},
  issn = {0037-5497},
  year = 2004,
  DOI  = {10.1177/0037549704046340}
}

@ARTICLE{openmodelica.org:todd:SIMPRA:2004,
  author = {Todd R. Reed and Nancy E. Reed and Peter Fritzson},
  title = {Heart Sound Analysis for Symptom Detection and Computer-Aided Diagnosis},
  journal = {SIMPRA – Simulation Modelling Practice and Theory},
  volume = {12},
  number ={2},
  pages = {129--146},
  issn = {1569-190X},
  year = 2004,
  DOI  = {10.1016/j.simpat.2003.11.005}
}

@ARTICLE{openmodelica.org:krishna:SP:2003,
  author = {Sheshadri Krishnamurthy and Peter Fritzson},
  title = {A General Symbolic PDE Solver Generator – Beyond Explicit Schemes},
  journal = {Scientific Programming},
  volume = {11},
  number ={3},
  pages = {225--235},
  issn = {1058-9244},
  year = 2003,
  DOI  = {10.1155/2003/720214}
}

@ARTICLE{openmodelica.org:dag:SCHPC:1997,
  author = {Dag Fritzson and Peter Fritzson and Patrik Nordling and Tommy Persson},
  title = {Rolling Bearing Simulation on MIMD Computers},
  journal = {In International Journal of Supercomputer Applications and High Performance Computing},
  volume = {11},
  number ={4},
  pages = {299--313},
  issn = {1094-3420},
  year = 1997,
  DOI  = {10.1177/109434209701100404}
}

@ARTICLE{openmodelica.org:Michail:SEKE:1996,
  author = {Michail Auguston and Peter Fritzson},
  title = {PARFORMAN – An Assertion Language for Specifying Behavior when Debugging Parallel Applications},
  journal = {In International Journal of Software Engineering and Knowledge Engineering},
  volume = {6},
  number ={4},
  pages = {609--640},
  issn = {0218-1940},
  year = 1996,
  DOI  = {10.1142/S0218194096000259}
}

@ARTICLE{openmodelica.org:niclas:JSS:1996,
  author = {Niclas Andersson and Peter Fritzson},
  title = {Overview and Industrial Application of Code Generator Generators},
  journal = {In Journal of Systems and Software},
  volume = {32},
  number ={3},
  pages = {185--214},
  issn = {0164-1212},
  year = 1996,
  DOI  = {10.1016/0164-1212(95)00124-7}
}

@ARTICLE{openmodelica.org:Peter:IEEE:1995,
  author = {Peter Fritzson and Lars Viklund and Dag Fritzson and Johan Herber},
  title = {High Level Mathematical Modeling and Programming in Scientific Computing},
  journal = {IEEE Software},
  volume = {12},
  number ={4},
  pages = {77--87},
  issn = {0740-7459},
  year = 1995,
  DOI  = {10.1109/52.391838}
}

@ARTICLE{openmodelica.org:Lars:SP:1995,
  author = {Lars Viklund and Peter Fritzson},
  title = {ObjectMath – An Object-Oriented Language and Environment for Symbolic and Numerical Processing in Scientific Computing},
  journal = {Scientific Programming},
  volume = {4},
  number ={4},
  pages = {229--250},
  issn = {1058-9244},
  year = 1995
}

@ARTICLE{openmodelica.org:nahid:JSS:1995,
  author = {Nahid Shahmehri and Mariam Kamkar and Peter Fritzson},
  title = {Usability Criteria for Automated Debugging Systems},
  journal = {In the Journal of Systems and Software},
  volume = {31},
  number ={1},
  pages = {55--70},
  issn = {0302-9743},
  year = 1995,
  DOI  = {10.1007/BFb0019398}
}

@ARTICLE{openmodelica.org:dag:CS:1994,
  author = {Dag Fritzson and Peter Fritzson and Lars Viklund and Johan Herber},
  title = {Object-Oriented Mathematical Modelling – Applied to Machine Elements},
  journal = {Computers and Structures},
  volume = {51},
  number ={3},
  pages = {241--253},
  issn = {0045-7949},
  year = 1994,
  DOI  = {10.1016/0045-7949(94)90332-8}
}

@ARTICLE{openmodelica.org:henrik:JFP:1994,
  author = {Henrik Nilsson and Peter Fritzson},
  title = {Declarative Algorithmic Debugging for Lazy Functional Languages},
  journal = {In Journal of Functional Programming},
  volume = {4},
  number ={3},
  pages = {337--370},
  year = 1994,
  DOI  = {10.1017/S095679680000109X}
}

@ARTICLE{openmodelica.org:peter:SAS:1994,
  author = {Peter Fritzson and Mikhail Auguston and Nahid Shahmehri},
  title = {Using Assertions in Declarative and Operational Models for Automated Debugging},
  journal = {In Journal of Systems and Software},
  volume = {25},
  number ={3},
  pages = {223--229},
  year = 1994,
  DOI  = {10.1016/0164-1212(94)90032-9}
}
, Vol 1, No 4, Dec 1992.

@ARTICLE{openmodelica.org:peter:LOPLAS:1992,
  author = {Peter Fritzson and Nahid Shahmehri and Mariam Kamkar and Tibor Gyimothy},
  title = {Generalized Algorithmic Debugging and Testing},
  journal = {In ACM LOPLAS - Letters of Programming Languages and Systems},
  volume = {1},
  number ={4},
  pages = {303--322},
  year = 1992,
  DOI  = {10.1145/161494.161498}
}

@ARTICLE{openmodelica.org:peter:CAS:1992,
  author = {Peter Fritzson and Dag Fritzson},
  title = {The Need for High-Level Programming Support in Scientific Computing - Applied to Mechanical Analysis},
  journal = {Computers and Structures},
  volume = {45},
  number ={2},
  pages = {387--395},
  year = 1992,
  DOI  = {10.1016/0045-7949(92)90422-V}
}

@ARTICLE{openmodelica.org:peter:SAS:1983,
  author = {Peter Fritzson},
  title = {Symbolic Debugging through Incremental Compilation in an Integrated Environment},
  journal = {The Journal of Systems and Software},
  volume = {3},
  number ={4},
  pages = {285--294},
  year = 1983,
  DOI  = {10.1016/0164-1212(83)90014-6}
}

@ARTICLE{openmodelica.org:dan:BIT:1980,
  author = {Dan Strömberg and Peter Fritzson},
  title = {Transfer of Programs from Development to Runtime Environments},
  journal = {BIT Numerical Mathematics},
  volume = {20},
  number ={4},
  pages = {434--442},
  year = 1980,
  DOI  = {10.1007/BF01933637}
}

@ARTICLE{openmodelica.org:peter:SSP:1976,
  author = {Peter Fritzson and Karl-Fredrik Berggren},
  title = {Pseudo Potential Calculations for Expanded Crystalline Mercury},
  journal = {Journal of Solid State Physics},
  volume = {19},
  number ={4},
  pages = {385--387},
  year = 1976,
  DOI  = {doi:10.1016/0038-1098(76)91358-2}
}


%%%%%%%%%%%%%%%%%%%%%%%%%%%%%%%%%%%%%%%%%%%%%%%%%%%%%%%%%%%%%%%%%%%%%%%%%%%%%%%
%% [*5*] Peer-Review conference and workshop papers
%%%%%%%%%%%%%%%%%%%%%%%%%%%%%%%%%%%%%%%%%%%%%%%%%%%%%%%%%%%%%%%%%%%%%%%%%%%%%%%

@inproceedings{openmodelica.org:tinnerholm:eoolt:2019,
  author = {John Tinnerholm and Martin Sjölund and Adrian Pop},
  title = {Towards Introducing Just-in-Time Compilation in a {Modelica} Compiler},
  crossref = {eoolt2019},
  doi = {10.1145/3365984.3365990},
  pages = {11–19},
  numpages = {9}
}

@InProceedings{openmodelica.org:ochel:modelica:2019,
  author    = {Lennart Ochel and Robert Braun and Bernhard Thiele and Adeel Asghar and Lena Buffoni and Magnus Eek and Peter Fritzson and Dag Fritzson and Sune Horkeby and Robert Hällquist and Åke Kinnander and Arunkumar Palanisamy and Adrian Pop and Martin Sjölund},
  title     = {{OMSimulator – Integrated FMI and TLM-based Co-simulation with Composite Model Editing and SSP}},
  crossref  = {modelica2019},
  doi       = {10.3384/ecp1915769}
}

@InProceedings{openmodelica.org:fritzson:modelica:2019b,
  author = {Peter Fritzson and Adrian Pop and Martin Sjölund and Adeel Asghar},
  title     = {{MetaModelica – A Symbolic-Numeric Modelica Language and Comparison to Julia}},
  crossref  = {modelica2019},
  doi       = {10.3384/ecp19157289}
}

@InProceedings{openmodelica.org:fritzson:modelica:2019,
  author = {Bernhard Thiele and Bernt Lie and Martin Sjölund and Adrian Pop and Peter Fritzson},
  title     = {{Controller Design for a Magnetic Levitation Kit using OpenModelica's Integration with the Julia Language}},
  crossref  = {modelica2019},
  doi       = {10.3384/ecp19157303}
}

@InProceedings{openmodelica.org:pop:modelica:2019,
  author = {Adrian Pop and Per Östlund and Francesco Casella and Martin Sjölund and Rüdiger Franke},
  title     = {{A New OpenModelica Compiler High Performance Frontend}},
  crossref  = {modelica2019},
  doi       = {10.3384/ecp19157689}
}

@InProceedings{openmodelica.org:lie:modelica:2019,
  author = {Bernt Lie and Arunkumar Palanisamy and Alachew Mengist and Lena Buffoni and Martin Sjölund and Adeel Asghar and Adrian Pop and Peter Fritzson},
  title     = {{OMJulia: An OpenModelica API for Julia-Modelica Interaction}},
  crossref  = {modelica2019},
  doi       = {10.3384/ecp19157699}
}

@InProceedings{openmodelica.org:Giovanni:modelica:2019,
  author = {Giovanni Agosta and Emanuele Baldino and Francesco Casella and Stefano Cherubin and Alberto Leva and Federico Terraneo},
  title     = {{Towards a High-Performance Modelica Compiler}},
  crossref  = {modelica2019},
  doi       = {10.3384/ecp19157313}
}

@InProceedings{openmodelica.org:Bartolini:modelica:2019,
  author = {Andrea Bartolini, Francesco Casella, Adrien Guironnet},
  title     = {{Towards Pan-European Power Grid Modelling in Modelica: Design Principles and a Prototype for a Reference Power System Library}},
  crossref  = {modelica2019},
  doi       = {10.3384/ecp19157627}
}

@InProceedings{openmodelica.org:fritzson:modelicaUS:2018,
  author    = {Peter Fritzson and Adrian Pop and Adeel Asghar and Bernhard Bachmann and Willi Braun and Robert Braun and Lena Buffoni and Francesco Casella and Rodrigo Castro and Alejandro Danós and Rüdiger Franke and Mahder Gebremedhin and Bernt Lie and Alachew Mengist and Kannan Moudgalya and Lennart Ochel and Arunkumar Palanisamy and Wladimir Schamai and Martin Sjölund and Bernhard Thiele and Volker Waurich and Per Östlund},
  title     = {{The OpenModelica Integrated Modeling, Simulation and Optimization Environment}},
  crossref  = {modelicaUS2018},
  doi       = {10.3384/ecp18154206}
}

@InProceedings{openmodelica.org:berger:eoolt:2017,
  author = {Peter Fritzson and Adrian Pop and Martin Sjölund and Adeel Asghar},
  title     = {{Code Generation for STM32F4 Boards with Modelica Device Drivers: [Work in Progress]}},
  crossref  = {eoolt2017},
  doi       = {10.1145/3158191.3158204}
}

@InProceedings{openmodelica.org:alachew:modelica:2017,
  author    = {Alachew Mengist and Adrian Pop and Adeel Asghar and Peter Fritzson},
  title     = {{Traceability Support in OpenModelica Using Open Services for Lifecycle Collaboration (OSLC)}},
  crossref  = {modelica2017},
  doi       = {10.3384/ecp17132823}
}

@InProceedings{openmodelica.org:rahul:modelica:2017,
  author    = {Rahul Jain and Kannan Moudgalya and Peter Fritzson and Adrian Pop},
  title     = {{Development of a Thermodynamic Engine in OpenModelica}},
  crossref  = {modelica2017},
  doi       = {10.3384/ecp1713289}
}

@InProceedings{openmodelica.org:kannan:modelica:2017,
  author    = {Kannan Moudgalya and Bhargava Nemmaru and Kaushik Datta and Priyam Nayak and Peter Fritzson and Adrian Pop},
  title     = {Large Scale Training through Spoken Tutorials to Promote and use OpenModelica},
  crossref  = {modelica2017},
  doi       = {10.3384/ecp17132275}
}

@InProceedings{openmodelica.org:garro:isse:2016,
  author={Alfredo Garro and Andrea Tundis and Daniel Bouskela and Audrey Jardin and Nguyen Thuy and Martin Otter and Lena Buffoni and Peter Fritzson and Martin Sjölund and Wladimir Schamai and Hans Olsson},
  booktitle={2016 IEEE International Symposium on Systems Engineering (ISSE)},
  title={On formal cyber physical system properties modeling: A new temporal logic language and a {Modelica}-based solution},
  year={2016},
  pages={1-8},
  doi={10.1109/SysEng.2016.7753137},
  month=oct,
}

@InProceedings{openmodelica.org:lie:eurosim:2016,
  author    = {Bernt Lie and Sudeep Bajracharya and Alachew Mengist and Lena Buffoni and ArunKumar Palanisamy and Martin Sjölund and Adeel Asghar and Adrian Pop and Peter Fritzson},
  title     = {{API} for Accessing {OpenModelica} Models From {Python}},
  crossref  = {eurosim2016},
}

@InProceedings{openmodelica.org:thorslund:eurosim:2016,
  author    = {Gustaf Thorslund and Mahder Gebremedhin and Peter Fritzson},
  title     = {Parallel Simulation of {PDE}-based {Modelica} Models using {ParModelica}},
  crossref  = {eurosim2016},
  pdf       = {https://www.openmodelica.org/images/docs/PDEParModelicaLiuPress.pdf},
}

@InProceedings{openmodelica.org:kinnander:eurosim:2016,
  author    = {Åke Kinnander and Martin Sjölund and Adrian Pop},
  title     = {Industrial Evaluation of an Efficient Equation Model Debugger in {OpenModelica}},
  crossref  = {eurosim2016},
}

% Workaround for MIC template not handling Å correctly
@InProceedings{openmodelica.org:kinnander:eurosim:2016:workaround,
  author    = {{\AA}ke Kinnander and Martin Sjölund and Adrian Pop},
  title     = {Industrial Evaluation of an Efficient Equation Model Debugger in {OpenModelica}},
  crossref  = {eurosim2016},
}

@InProceedings{openmodelica.org:Marc:Lambda:2016,
  author    = {Marc Bouissou and Lena Buffoni and Bernhard Thiele},
  title     = {From design to dependability: A Bridge Between Physical Simulation and Risk Analysis},
  booktitle = {In Lambda-mu 20},
  location  = {Saint Malo, France},
  year      = {2016},
  doi       = {10.4267/2042/61810 },
}

@InProceedings{openmodelica.org:Larsen:mas:2016,
  author    = {Peter Gorm Larsen and John Fitzgerald and Jim Woodcock and Peter Fritzson and Jyrg Brauer and Christian Kleiijn, Thierry Lecomte and Markus Pfeil and Ole Green and Stylianos Basagiannis and Andrey Sadovykh},
  title     = {{Integrated tool chain for model-based design of Cyber-Physical Systems: The INTO-CPS project}},
  booktitle = {In Proceedings of the 2nd International Workshop on Modelling, Analysis, and Control of Complex CPS (CPS Data)},
  month     = {April},
  location  = {Vienna, Austria},
  year      = {2016},
  doi       = {10.1109/CPSData.2016.7496424 },
}

@InProceedings{openmodelica.org:simon:isup:2016,
  author    = {Simon Foster and Bernhard Thiele and Ana Cavalcanti and Jim Woodcock},
  title     = {Towards a UTP semantics for Modelica},
  booktitle = {In 6th International Symposium on Unifying Theories of Programming},
  year      = {2016},
}

@InProceedings{openmodelica.org:asghar:modelica:2015,
  author    = {Adeel Asghar and Andreas Pfeiffer and Arunkumar Palanisamy and Alachew Mengist and Martin Sjölund and Adrian Pop and Peter Fritzson},
  title     = {Automatic Regression Testing of Simulation Models and Concept for Simulation of Connected {FMUs} in {PySimulator}},
  doi       = {10.3384/ecp15118671},
  crossref  = {modelica2015},
}

@InProceedings{openmodelica.org:schamai:modelica:2015,
  author    = {Wladimir Schamai and Lena Buffoni and Nicolas Albarello and Pablo Fontes De Miranda and Peter Fritzson},
  title     = {An Aeronautic Case Study for Requirement Formalization and Automated Model Composition in Modelica},
  doi       = {10.3384/ecp15118911},
  crossref  = {modelica2015},
}

@InProceedings{openmodelica.org:otter:modelica:2015,
  author    = {Martin Otter and Nguyen Thuy and Daniel Bouskela and Lena Buffoni and Hilding Elmqvist and Peter Fritzson and Alfredo Garro and Audrey Jardin and Hans Olsson and Maxime Payelleville and Wladimir Schamai and Eric Thomas and Andrea Tundis},
  title     = {{Formal Requirements Modeling for Simulation-Based Verification}},
  doi       = {10.3384/ecp15118625},
  crossref  = {modelica2015},
}

@InProceedings{openmodelica.org:alachew:modelica:2015,
  author    = {Alachew Mengist and Adeel Asghar and Adrian Pop and Peter Fritzson and Willi Braun and Alexander Siemers and Dag Fritzson},
  title     = {{An Open-Source Graphical Composite Modeling Editor and Simulation Tool Based on FMI and TLM Co-Simulation}},
  doi       = {10.3384/ecp15118181},
  crossref  = {modelica2015},
}

@InProceedings{openmodelica.org:Thiele:modelica:2015,
  author    = {Bernhard Thiele and Adrian Pop and Peter Fritzson},
  title     = {{Flattening of Modelica State Machines: A Practical Symbolic Representation}},
  doi       = {10.3384/ecp15118255},
  crossref  = {modelica2015},
}

@InProceedings{openmodelica.org:Gebremedhin:modelica:2014,
  author    = {Mahder Gebremedhin and Peter Fritzson},
  title     = {{Automatic Task Based Analysis and Parallelization in the Context of Equation Based Languages}},
  doi       = {10.1145/2666202.2666210},
  crossref  = {eoolt2014},
}

@InProceedings{openmodelica.org:Buffoni:sims:2014,
  author    = {Lena Buffoni and Peter Fritzson},
  title     = {{Expressing Requirements in Modelica}},
  doi       = {},
  crossref  = {sims2014},
}

@InProceedings{openmodelica.org:Stavaker:sims:2014,
  author    = {Kristian Stavåker and Peter Fritzson and Chen Song and Martin Wlotzka and Vincent Heuveline},
  title     = {{PDE Modeling with Modelica via FMI import of Hiflow3 C++ Components with Parallel Multi-Core Simulations}},
  crossref  = {sims2014},
}

@InProceedings{openmodelica.org:Castro2:modelica:2014,
  author    = {Rodrigo Castro and Peter Fritzson and François Cellier and Safa Motesharrei and Jorge Rivas},
  title     = {Human-Nature Interaction in World Modeling with Modelica},
  doi       = {10.3384/ECP14096477},
  crossref  = {modelica2014},
}
@InProceedings{openmodelica.org:Samlaus2:modelica:2014,
  author    = {Roland Samlaus and Mareike Strach and Peter Fritzson},
  title     = {MoUnit—A Framework for Automatic Modelica Model Testing},
  doi       = {10.3384/ECP14096549},
  crossref  = {modelica2014},
}
@InProceedings{openmodelica.org:Palanisamy2:modelica:2014,
  author    = {Arunkumar Palanisamy and Adrian Pop and Martin Sjölund and Peter Fritzson},
  title     = {Modelica Based Parser Generator with Good Error Handling},
  doi       = {10.3384/ECP14096567},
  crossref  = {modelica2014},
}
@InProceedings{openmodelica.org:Lattmann:modelica:2014,
  author    = {Zsolt Lattmann and Adrian Pop and Johan de Kleer and Peter Fritzson and Bill Janssen and Sandeep Neema and Ted Bapty and Xenofon Koutsoukos and Matthew Klenk and Daniel Bobrow and Bhaskar Saha and Tolga Kurtoglu},
  title     = {Verification and Design Exploration through Meta Tool Integration with OpenModelica},
  doi       = {10.3384/ECP14096353},
  crossref  = {modelica2014},
}
@InProceedings{openmodelica.org:Mirzaei:modelica:2014,
  author    = {Mana Mirzaei and Lena Buffoni and Peter Fritzson},
  title     = {Integration of OpenModelica in Ptolemy II},
  doi       = {10.3384/ECP140961247},
  crossref  = {modelica2014},
}

@InProceedings{openmodelica.org:Jahanzeb:modelica:2014,
  author    = {Mohammad Jahanzeb and Arunkumar Palanisamy and Martin Sjölund and Peter Fritzson},
  title     = {A MATLAB to Modelica Translator},
  doi       = {10.3384/ECP140961285},
  crossref  = {modelica2014},
}

@InProceedings{openmodelica.org:Ruge:modelica:2014,
  author    = {Vitalij Ruge and Willi Braun and Bernhard Bachmann and Andrea Walther and Kshitij Kulshreshtha},
  title     = {Efficient Implementation of Collocation Methods for Optimization using OpenModelica and ADOL-C},
  doi       = {10.3384/ecp140961017},
  crossref  = {modelica2014},
}

@InProceedings{openmodelica.org:samlus:modelica:2014,
  author    = {Roland Samaus and Mareike Strach and Peter Fritzson},
  title     = {A Framework for Automatic Modelica Model Testing},
  doi       = {10.3384/ecp14096549},
  crossref  = {modelica2014},
}

@InProceedings{openmodelica.org:castro:modelica:2014,
  author    = {Rodrigo Castro and Peter Fritzson and François Cellier and Safa Motesharrei and Jorge Rivas},
  title     = {Human-Nature Interaction in World Modeling with Modelica, In Hubertus Tummescheit and Karl-Erik Årzén},
  doi       = {10.3384/ecp14096549},
  crossref  = {modelica2014},
}

@InProceedings{openmodelica.org:palanisamy:modelica:2014,
  author    = {Arunkumar Palanisamy and Adrian Pop and Martin Sjölund and Peter Fritzson},
  title     = {Modelica Based Parser Generator with Good Error Handling},
  doi       = {10.3384/ecp14096567},
  crossref  = {modelica2014},
}

@InProceedings{openmodelica.org:sjoelund:modelica:2014,
  author    = {Martin Sjölund and Francesco Casella and Adrian Pop and Adeel Asghar and Peter Fritzson and Willi Braun and Lennart Ochel and Bernhard Bachmann},
  title     = {{Integrated Debugging of Equation-Based Models}},
  doi       = {10.3384/ecp14096195},
  crossref  = {modelica2014},
}

@InProceedings{openmodelica.org:tundis:eoolt:2013,
author = {Andrea Tundis and Lena Rogovchenko-Buffoni and Peter Fritzson and Alfredo Garro},
title = {Modeling System Requirements in Modelica: Definition and Comparison of Candidate Approaches},
crossref  = {eoolt2013}
}

@InProceedings{openmodelica.org:andersson:eoolt:2013,
author = {Anders Andersson and Peter Fritzson},
title = { Models for Distributed Real-Time Simulation in a Vehicle Co-Simulator Setup},
crossref  = {eoolt2013}
}

@InProceedings{openmodelica.org:alachew:eoolt:2013,
author = {Alachew Shitahun and Vitalij Ruge and Mahder Gebremedhin and Bernhard Bachmann and Lars Eriksson and Joel Andersson and Moritz Diehl and Peter Fritzson},
title = {Tool Demonstration – OpenModelica and CasADi for Model-Based Dynamic Optimization},
crossref  = {eoolt2013}
}

@InProceedings{openmodelica.org:alachew:ifac:2013,
author = {Alachew Shitahun and Vitalij Ruge and Mahder Gebremedhin and Bernhard Bachmann and Lars Eriksson and Joel Andersson and Moritz Diehl and Peter Fritzson},
title = {Model-Based Optimization with OpenModelica and CasADi},
crossref  = {ifac2013}
}

@InProceedings{openmodelica.org:tundis:eurosim:2013,
author = {Andrea Tundis and Lena Rogovchenko-Buffoni and Peter Fritzson and Alfredo Garro and Mattias Nyberg},
title = {Requirement Verification and Dependency Tracing During Simulation in Modelica},
crossref  = {eurosim2013}
}

@InProceedings{openmodelica.org:stavaker:sims:2013,
author = {Kristian Stavåker and Staffan Ronnås and Martin Wlotzska and Vincent Heuveline and Peter Fritzson},
title = {{PDE Modeling with Modelica via FMI Import of HiFlow3 C++ Components}},
crossref  = {sims2013}
}

@InProceedings{openmodelica.org:tundis:wasm:2013,
author = {Andrea Tundis and Lena Rogovchenko-Buffoni and Alfredo Garro and Mattias Nyberg and Peter Fritzson},
title = {Performing Fault Tree Analysis of a Modelica-Based System Design Through a Probability Model. In Proc. of Workshop on Applied Modeling and Simulation},
crossref  = {wasm2013}
}

@InProceedings{openmodelica.org:sjoelund:cpc:2013,
  author    = {Martin Sjölund and Mahder Gebremedhin and Peter Fritzson},
  title     = {Parallelizing Equation-Based Models for Simulation on Multi-Core Platforms by Utilizing Model Structure},
  crossref  = {cpc2013},
  pdf       = {https://openmodelica.org/publications/CPC2013-sjoelund.pdf}
}


@InProceedings{openmodelica.org:casella:eoolt:2013,
  author    = {Francesco Casella},
  title     = {A Strategy for Parallel Simulation of Declarative Object-Oriented Models of Generalized Physical Networks},
  crossref  = {eoolt2013},
  pdf       = {http://www.ep.liu.se/ecp/084/006/ecp13084006.pdf},
}

@InProceedings{openmodelica.org:Muhammed:WAMS:2012,
  author    = {Muhammed Zoheb Hossain and Olena Rogovchenko and Mattias Nyberg and Peter Fritzson},
  title     = {An Integrated Toolchain for Model Based Functional Safety Analysis},
  crossref  = {WAMS2012},
}

@InProceedings{openmodelica.org:pop:modelica:2012,
  author    = {Adrian Pop and Martin Sjölund and Adeel Asghar and Peter Fritzson and Francesco Casella},
  title     = {Static and Dynamic Debugging of {Modelica} Models},
  crossref  = {modelica2012},
  doi       = {10.3384/ecp12076443},
  pdf       = {http://www.ep.liu.se/ecp/076/046/ecp12076046.pdf}
}

@InProceedings{openmodelica.org:mahder:modelica:2012,
  author    = {Mahder Gebremedhin and Afshin Moghadam and Peter Fritzson and Kristian Stavåker},
  title     = {A Data-Parallel Algorithmic {Modelica} Extension for Efficient Execution on Multi-Core Platforms},
  crossref  = {modelica2012},
  doi       = {10.3384/ecp12076393},
  pdf       = {http://www.ep.liu.se/ecp/076/041/ecp12076041.pdf},
}

@InProceedings{openmodelica.org:bernhard:modelica:2012,
  author    = {Bernhard Bachmann and Lennart Ochel and Vitalij Ruge and Mahder Gebremedhin and Peter Fritzson and Vaheed Nezhadali and Lars Eriksson and Martin Sivertsson},
  title     = {Parallel Multiple-Shooting and Collocation {Optimization} with {OpenModelica}},
  crossref  = {modelica2012},
  doi       = {10.3384/ecp12076659},
  pdf       = {http://www.ep.liu.se/ecp/076/067/ecp12076067.pdf},
}

@InProceedings{openmodelica.org:sabrina:modelica:2012,
  author    = {Sabrina Proß and Bernhard Bachmann},
  title     = {PNlib - An Advanced Petri Net Library for Hybrid Process Modeling},
  crossref  = {modelica2012},
  doi       = {10.3384/ecp1207647},
  pdf       = {http://www.ep.liu.se/ecp/076/004/ecp12076004.pdf},
}

@InProceedings{openmodelica.org:akesson:modelica:2012,
  author    = {Johan Åkesson and Willi Braun and Petter Lindholm and Bernhard Bachmann},
  title     = {Generation of Sparse Jacobians for the Function Mock-Up Interface 2.0},
  crossref  = {modelica2012},
  doi       = {10.3384/ecp12076185},
  pdf       = {http://www.ep.liu.se/ecp/076/018/ecp12076018.pdf},
}

@InProceedings{openmodelica.org:willi:modelica:2012,
  author    = {Willi Braun and Stephanie Gallardo Yances and Kilian Link and Bernhard Bachmann},
  title     = {Fast Simulation of Fluid Models with Colored Jacobians},
  crossref  = {modelica2012},
  doi       = {10.3384/ecp12076247},
  pdf       = {http://www.ep.liu.se/ecp/076/024/ecp12076024.pdf},
}

@InProceedings{openmodelica.org:feng:modelica:2012,
  author    = {Feng Liang and Wladimir Schamai and Olena Rogovchenko and Sara Sadeghi and Mattias Nyberg and Peter Fritzson},
  title     = {Model-based Requirement Verification : A Case Study},
  crossref  = {modelica2012},
  doi       = {10.3384/ecp12076385},
  pdf       = {http://www.ep.liu.se/ecp/076/040/ecp12076040.pdf},
}

@InProceedings{openmodelica.org:jens:modelica:2012,
  author    = {Jens Frenkel and Günter Kunze and Peter Fritzson},
  title     = {Survey of appropriate matching algorithms for large scale systems of differential algebraic equations},
  crossref  = {modelica2012},
  doi       = {10.3384/ecp12076433},
  pdf       = {http://www.ep.liu.se/ecp/076/045/ecp12076045.pdf},
}

@InProceedings{openmodelica.org:ganeson:modelica:2012,
  author    = {Anand Ganeson and Peter Fritzson and Olena Rogovchenko and Adeel Asghar and Martin Sjölund and Andreas Pfeiffer},
  title     = {An {OpenModelica} {Python} Interface and its use in PySimulator},
  crossref  = {modelica2012},
  doi       = {10.3384/ecp12076537},
  pdf       = {http://www.ep.liu.se/ecp/076/054/ecp12076054.pdf},
}

@InProceedings{openmodelica.org:ronlad:modelica:2012,
  author    = {Roland Samlaus and Peter Fritzson and Adam Zuga and  Michael Strobel and Claudio Hillmann},
  title     = {{Modelica} Code Generation with Polymorphic Arrays and Records Used in Wind Turbine Modeling},
  crossref  = {modelica2012},
  doi       = {10.3384/ecp12076809},
  pdf       = {http://www.ep.liu.se/ecp/076/083/ecp12076083.pdf},
}

@InProceedings{openmodelica.org:christoph:modelica:2012,
  author    = {Christoph Höger and Alexandra Mehlhase and Christoph Nytsch-Geusen and Karsten Isakovic and Rick Kubiak},
  title     = {{Modelica3D} -Platform Independent Simulation Visualization},
  crossref  = {modelica2012},
  doi       = {10.3384/ecp12076485},
  pdf       = {http://www.ep.liu.se/ecp/076/049/ecp12076049.pdf},
}

@InProceedings{openmodelica.org:niklas:modelica:2012,
  author    = {Niklas Worschech and Lars Mikelsons},
  title     = {A Toolchain for Real-Time Simulation using the {OpenModelica} Compiler},
  crossref  = {modelica2012},
  doi       = {10.3384/ecp12076839},
  pdf       = {http://www.ep.liu.se/ecp/076/086/ecp12076086.pdf},
}

@InProceedings{openmodelica.org:asghar:MATHMOD:2012,
  author    = {Adeel Asghar and Adrian Pop and Martin Sjölund and Peter Fritzson},
  title     = {Efficient Debugging of Large Algorithmic {Modelica} Applications},
  crossref  = {mathmod2012},
  url       = {http://seth.asc.tuwien.ac.at/proc12/web/html/sessions/MS23.html},
  urldate   = {2013-04-01},
  pdf       = {http://seth.asc.tuwien.ac.at/proc12/full_paper/Contribution197.pdf},
}

@InProceedings{openmodelica.org:muhammed:MATHMOD:2012,
  author    = {Muhammed Zoheb Hossain and Mattias Nyberg and Olena Rogovchenko and Peter Fritzson},
  title     = {Computerized Model Based Functional Safety Analysis},
  crossref  = {mathmod2012},
  pdf       = {https://www.openmodelica.org/images/docs/2012-02-Hossain-Nyberg-Rogovchenko-Fritzson-mathmod2012-Functional-Safety.pdf},
}

@InProceedings{openmodelica.org:wladimir:TMS/DEVS:2012,
  author    = {Wladimir Schamai and Peter Fritzson and Christiaan Paredis and Philipp Helle},
  title     = {{ModelicaML} Value Bindings for Automated Model Composition},
  crossref  = {TMS/DEVS2012},
  pdf       = {https://www.openmodelica.org/images/docs/2012-03-Schamai-Fritzson-Paredis-Helle-TMS2012-ModelicaML-ValueBindings-ModelComposition.pdf},
}

@InProceedings{openmodelica.org:broman:SAC:2012,
  author    = {David Broman and Peter Fritzson and Görel Hedin and Johan Åkesson},
  title     = {A comparison of two metacompilation approaches to implementing a complex domain-specific language.},
  crossref  = {SAC2012},
  doi       = {10.1145/2245276.2232092},
}

@InProceedings{openmodelica.org:afshin:MCC:2011,
  author    = {Afshin Moghadam and Mahder Gebremedhin and Kristian Stavåker and Peter Fritzson},
  title     = {Simulation and Benchmarking of Modelica Models on Multi-core Architectures with Explicit Parallel Algorithmic Language Extensions},
  booktitle = {Proceedings of MCC-2011 - 4th Swedish Workshop on Multi-Core Computing},
  location  = {Linkoping, Sweden},
  month     = nov,
  year      = {2011},
  pdf       = {http://www.ida.liu.se/conferences/mcc2011/slides/MCC2011-MahderGebremedhin.pdf},
}

@InProceedings{openmodelica.org:mohsen:sims:2011,
  author    = {Mohsen Torabzadeh-Tari and Jhansi Remala and Martin Sjölund and Adrian Pop and Peter Fritzson},
  title     = {{OMSketch} -- Graphical Sketching in the {OpenModelica} Interactive Book, OMNotebook},
  crossref  = {sims2011},
  pdf       = {http://www.scansims.org/sims2011/SIMS2011.pdf},
}

@InProceedings{openmodelica.org:wuzhu:eoolt:2011,
  author    = {Wuzhu Chen and Michaela Huhn and Peter Fritzson},
  title     = {A Generic {FMU} Interface for {Modelica}},
  crossref  = {eoolt2011},
  pdf       = {http://www.ep.liu.se/ecp/056/003/ecp1105603.pdf},
}

@InProceedings{openmodelica.org:toby:eoolt:2011,
  author    = {Toby Myers and Wladimir Schamai and Peter Fritzson},
  title     = {Comodeling Revisited: Execution of Behavior Trees in Modelica.},
  crossref  = {eoolt2011},
  pdf       = {http://www.ep.liu.se/ecp/056/011/ecp1105611.pdf},
}

@InProceedings{openmodelica.org:sjoelund:eoolt:2011,
  author    = {Martin Sjölund and Peter Fritzson},
  title     = {Debugging Symbolic Transformations in Equation Systems},
  crossref  = {eoolt2011},
  pdf       = {http://www.ep.liu.se/ecp/056/008/ecp1105608.pdf},
}

@InProceedings{openmodelica.org:bouskela:modelica:2011,
  author    = {Bouskela Daniel and Jardin Audrey and Benjelloun-Touimi Zakia and Aronsson Peter and Fritzson Peter},
  title     = {Modelling of Uncertainties with {Modelica}},
  crossref  = {modelica2011},
  doi       = {10.3384/ecp11063673},
  pdf       = {http://www.ep.liu.se/ecp/063/075/ecp11063075.pdf},
}

@InProceedings{openmodelica.org:torabzadeh-tari:modelica:2011:omweb,
  author    = {Mohsen-Torabzadeh Tari and Muhammed Hossain Zoheb and Peter Fritzson and Richter Thomas},
  title     = {{OMWeb} - Virtual Web-based Remote Laboratory for Modelica in Engineering Courses},
  crossref  = {modelica2011},
  doi       = {10.3384/ecp11063153},
  pdf       = {http://www.ep.liu.se/ecp/063/018/ecp11063018.pdf},
}

@InProceedings{openmodelica.org:thieriot:modelica:2011,
  author    = {Thieriot, Hubert and Nemera, Maroun and Torabzadeh-Tari, Mohsen and Fritzson, Peter and Singh, Rajiv and Kocherry, John John},
  title     = {Towards Design Optimization with OpenModelica Emphasizing Parameter Optimization with Genetic Algorithms},
  crossref  = {modelica2011},
  doi       = {10.3384/ecp11063756},
  pdf       = {http://www.ep.liu.se/ecp/063/084/ecp11063084.pdf},
}

@InProceedings{openmodelica.org:torabzadeh-tari:modelica:2011:drcontrol,
  author    = {Torabzadeh-Tari, Mohsen and Sjölund, Martin and Pop, Adrian and Fritzson, Peter},
  title     = {{DrControl} - An Interactive Course Material for Teaching Control Engineering},
  crossref  = {modelica2011},
  doi       = {10.3384/ecp11063801},
  pdf       = {http://www.ep.liu.se/ecp/063/091/ecp11063091.pdf},
}

@InProceedings{openmodelica.org:sjoelund:modelica:2011,
  author    = {Martin Sjölund and Peter Fritzson and Adrian Pop},
  title     = {Bootstrapping a {Modelica} Compiler aiming at {Modelica} 4},
  crossref  = {modelica2011},
  doi       = {10.3384/ecp11063510},
  pdf       = {http://www.ep.liu.se/ecp/063/058/ecp11063058.pdf},
}

@InProceedings{openmodelica.org:frenkel:modelica:2011:benchmark,
  author    = {Jens Frenkel and Christian Schubert and Günter Kunze and Peter Fritzson and Martin Sjölund and Adrian Pop},
  title     = {Towards a Benchmark Suite for {Modelica} Compilers: Large Models},
  crossref  = {modelica2011},
  doi       = {10.3384/ecp11063232},
  pdf       = {https://modelica.org/events/modelica2011/Proceedings/pages/papers/07_1_ID_183_a_fv.pdf},
}

@InProceedings{openmodelica.org:huhn:modelica:2011,
  author    = {Michaela Huhn and Martin Sjölund and Wuzhu Chen and Christian Schulze and Peter Fritzson},
  title     = {Tool Support for {Modelica} Real-time Models},
  crossref  = {modelica2011},
  doi       = {10.3384/ecp11063537},
  pdf       = {https://modelica.org/events/modelica2011/Proceedings/pages/papers/44_1_ID_163_a_fv.pdf},
}

@InProceedings{openmodelica.org:asghar:modelica:2011,
  author    = {Syed Adeel Asghar and Sonia Tariq and Mohsen Torabzadeh-Tari and Peter Fritzson and Adrian Pop and Martin Sjölund and Parham Vasaiely and Wladimir Schamai},
  title     = {An Open Source {Modelica} Graphic Editor Integrated with Electronic Notebooks and Interactive Simulation},
  crossref  = {modelica2011},
  doi       = {10.3384/ecp11063739},
}

@InProceedings{openmodelica.org:willi:modelica:2011,
  author    = {Willi Braun and Lennart Ochel and Bernhard Bachmann},
  title     = {Symbolically Derived Jacobians Using Automatic Differentiation – Enhancement of the OpenModelica Compiler},
  crossref  = {modelica2011},
  pdf       = {https://modelica.org/events/modelica2011/Proceedings/pages/papers/19_4_ID_159_a_fv.pdf},
}

@InProceedings{openmodelica.org:oscar:modelica:2011,
  author    = {Oscar Duarte},
  title     = {UN‐VirtualLab : A web simulation environment of OpenModelica models for educational purposes},
  crossref  = {modelica2011},
  pdf       = {https://modelica.org/events/modelica2011/Proceedings/pages/papers/30_poster_ID__a_fv.pdf},
}

@InProceedings{openmodelica.org:jens:modelica:2011,
  author    = {Jens Frenkel and Günter Kunze and Peter Fritzson and Martin Sjölund and Adrian Pop and Willi Braun},
  title     = {Towards a Modular and Accessible Modelica Compiler Backend},
  crossref  = {modelica2011},
  pdf       = {https://modelica.org/events/modelica2011/Proceedings/pages/papers/10_3_ID_110_a_fv.pdf},
}

@InProceedings{openmodelica.org:mohsen:EDUCON:2010,
  key       = {EDUCON'2010},
  author    = {Mohsen Torabzadeh-Tari and Peter Fritzson and Adrian Pop and Martin Sjölund},
  title     = {Generalization of an Active Electronic Notebook for Teaching Multiple Programming Languages},
  booktitle = {Proceedings the 1st Annual Engineering Education Conference},
  month     = apr,
  year    = {2010},
  location  = {Madrid, Spain},
  doi       = {10.1109/EDUCON.2010.5492457},
}

@InProceedings{openmodelica.org:fritzson:ECMFA:2010,
  key       = {ECMFA'2010},
  author    = {Peter Fritzson},
  title     = {Integrated UML-Modelica Model-Based Product Development for Embedded Systems in OPENPROD},
  booktitle = {Proceedings of 6th European Conference on Modelling Foundations and Applications},
  month     = jun,
  year    = {2010},
  location  = {Paris, France},
}

@InProceedings{openmodelica.org:Christjaan:INCOSE:2010,
  key       = {INCOSE'2010},
  author    = {Christjaan Paredis and Yves Bernard and Roger Burkhart and Hans-Peter de Koning and Sanford Friedenthal and Peter Fritzson and Nicolas Rouquette and Wladimir Schamai},
  title     = {An Overview of the SysML-Modelica Transformation Specification},
  booktitle = {Proceedings of International Workshop and Model-Based Systems Engineering (MBSE) Workshop},
  month     = jul,
  year      = {2010},
  location  = {Chicago, USA},
  pdf       = {http://www.kth.se/polopoly_fs/1.216153!/Menu/general/column-content/attachment/Paredis_10.10.19.pdf},
}

@InProceedings{openmodelica.org:kessler:ARCS:2010,
  author    = {Christoph Kessler and Wladimir Schamai and Peter Fritzson},
  title     = {Platform-independent modeling of explicitly parallel programs},
  pages     = {83--94},
  crossref  = {ARCS2010},
  http      = {http://ieeexplore.ieee.org/stamp/stamp.jsp?tp=&arnumber=5758990&tag=1},
}

@InProceedings{openmodelica.org:wladimir:EOOLT:2010,
  author    = {Wladimir Schamai and Uwe Pohlmann and Peter Fritzson and Christiaan J.J. Paredis and Philipp Helle and Carsten Strobel},
  title     = {Execution of UML State Machines Using Modelica},
  crossref  = {eoolt2010},
  pdf       = {http://www.ep.liu.se/ecp/047/001/ecp4710001.pdf},
}

@InProceedings{openmodelica.org:sjoelund:EOOLT:2010,
  author    = {Martin Sjölund and Robert Braun and Peter Fritzson and Petter Krus},
  title     = {Towards Efficient Distributed Simulation in {Modelica} using Transmission Line Modeling},
  crossref  = {eoolt2010},
  pages     = {71--80},
  pdf       = {http://www.ep.liu.se/ecp/047/008/ecp4710008.pdf},
}

@InProceedings{openmodelica.org:stavaker:EOOLT:2010,
  author    = {Kristian Stavåker and Daniel Rolls and Jing Guo and Peter Fritzson and Sven-Bodo Scholz},
  title     = {Compilation of Modelica Array Computations into Single Assignment C for Efficient Execution on CUDA-enabled GPUs},
  crossref  = {eoolt2010},
  pdf       = {http://www.sac-home.org/publications/RollSchoJoslStav.pdf},
}

@InProceedings{openmodelica.org:wladimir:ACES:2010,
  author    = {Wladimir Schamai and Philipp Helle and Peter Fritzson and Christiaan Paredis},
  title     = {Virtual Verification of System Designs against System Requirements},
  crossref  = {ACES2010},
  pdf       = {http://ceur-ws.org/Vol-644/paper05.pdf},
  http      = {http://dl.acm.org/citation.cfm?id=2008503.2008514},
}

@InProceedings{openmodelica.org:ostlund:POOSC:2010,
  author    = {Per Östlund and Kristian Stavåker and Peter Fritzson},
  title     = {Parallel Simulation of Equa\-tion-Based Models on CUDA-Enabled GPUs},
  crossref  = {POOSC2010},
  doi   = {10.1145/2039312.2039317},
}

@InProceedings{openmodelica.org:fritzson:SIMPAR:2010,
  author    = {Peter Fritzson},
  title     = {The Modelica Ob\-ject-Ori\-ent\-ed Equa\-tion-Based Language and its OpenModelica Environment with MetaModeling, Interoperability, and Parallel Execution},
  crossref  = {SIMPAR2010},
  doi       = {10.1007/978-3-642-17319-6_4},
}

@InProceedings{openmodelica.org:stavaker:MCC:2010,
  author    = {Kristian Stavåker and Peter Fritzson},
  title     = {Generation of Simulation Code from Equa\-tion-Based Models for Execution on CUDA-Enabled GPUs},
  key       = {MCC'2010},
  booktitle = {Proceedings of the 3rd Swedish Workshop on Multi-Core Computing},
  location  = {Göteborg, Sweden},
  month     = nov,
  year      = {2010},
  http      = {http://www.chalmers.se/cse/mcc10-en/program1026},
}

@inproceedings{openmodelica.org:mohsen:Torabzadeh-Tari:modelica:2009,
 author   = {Mohsen Torabzadeh-Tari and Peter Fritzson and Martin Sjölund and Adrian Pop},
 title    = {OpenModelica-Python Interoperability Applied to Monte Carlo Simulation},
 crossref = {modelica2009},
 http     = {http://urn.kb.se/resolve?urn=urn:nbn:se:liu:diva-50804},
}

@inproceedings{openmodelica.org:fritzson:modelica:2009:template,
 author   = {Peter Fritzson and Pavol Privitzer and Martin Sjölund and Adrian Pop},
 title    = {Towards a Text Generation Template Language for {Modelica}},
 crossref = {modelica2009},
 pages    = {193--207},
 doi      = {10.3384/ecp09430124},
}

@inproceedings{openmodelica.org:aronsson:modelica:2009,
 author   = {Peter Aronsson and David Broman},
 title    = {Extendable Physical Unit Checking with Understandable Error Reporting},
 crossref = {modelica2009},
 doi    = {10.3384/ecp09430027},
 pdf      = {http://www.ep.liu.se/ecp/043/105/ecp09430027.pdf},
}

@inproceedings{openmodelica.org:wladimir:modelica:2009,
 author   = {Wladimir Schamai and Peter Fritzson and Chris Paredis and Adrian Pop},
 title    = {Towards Unified System Modeling and Simulation with ModelicaML: Modeling of Executable Behavior Using Graphical Notations},
 crossref = {modelica2009},
 doi    = {10.3384/ecp09430081},
 pdf      = {https://www.modelica.org/events/modelica2009/Proceedings/memorystick/pages/papers/0081/0081.pdf},
}

@inproceedings{openmodelica.org:casella:modelica:2009,
 author   = {Francesco Casella and Filippo Donida and Johan Åkesson},
 title    = {An {XML} Representation of {DAE} Systems Obtained from {Modelica} Models},
 crossref = {modelica2009},
 doi    = {10.3384/ecp09430073},
 pdf      = {https://www.modelica.org/events/modelica2009/Proceedings/memorystick/pages/papers/0073/0073.pdf},
}


@inproceedings{openmodelica.org:sjoelund:modelica:2009,
 author   = {Martin Sjölund and Peter Fritzson},
 title    = {{An OpenModelica Java External Function Interface Supporting MetaProgramming}},
 crossref = {modelica2009},
 doi    = {10.3384/ecp09430121},
}

@inproceedings{openmodelica.org:maggio:modelica:2009,
 author   = {Martina Maggio and Kristian Stavåker and Filippo Donido and Francesco Casella and Peter Fritzson},
 title    = {Parallel Simulation of Equa\-tion-Based Ob\-ject-Ori\-ent\-ed Models with Quantized State Systems on a GPU},
 crossref = {modelica2009},
 doi    = {10.3384/ecp09430032},
}

@inproceedings{openmodelica.org:casella:MATHMOD:2009,
 author    = {Francesco Casella and Filippo Donida and Marco Lovera},
 title     = {Automatic Generation of LFTs from Ob\-ject-Ori\-ent\-ed Non-Linear Models with Uncertain Parameters},
 booktitle = {Proceedings of MATHMOD 2009 - 6th International Conference on Mathematical Modelling},
 location  = {Vienna, Austria},
 month     = feb,
 year      = {2009},
}

@inproceedings{openmodelica.org:lundvall:CPC:2009,
 author = {Håkan Lundvall and Peter Fritzson},
 title = {Automatic Parallelization using Pipelining for Equa\-tion-Based Simulation Languages},
 booktitle = {Proceedings of CPC 2009 - 14th Workshop on Compilers for Parallel Computing},
 location = {Zurich, Switzerland},
 month = jan,
 year = {2009},
 http  = {http://urn.kb.se/resolve?urn=urn:nbn:se:liu:diva-12504},
}

@InProceedings{openmodelica.org:fritzson:aswec:2009,
  crossref = {aswec2009},
  author = {Peter Fritzson and Adrian Pop and David Broman and Peter Aronsson},
  title = {Formal Semantics Based Translator Generation and Tool Development in Practice},
  doi = {10.1109/ASWEC.2009.46},
  pages = {256--266},
  numpages = {11},
  acmid = {1578581}
}

@inproceedings{openmodelica.org:lundvall:MCC:2008,
 author = {Håkan Lundvall and Kristian Stavåker and Peter Fritzson and Christoph Kessler},
 title = {Automatic Parallelization of Simulation Code for Equa\-tion-Based Models with Software Pipelining and Measurements on Three Platforms},
 booktitle = {Proceedings of MCC-2008 - 1st Swedish Workshop on Multi-Core Computing},
 location = {Ronneby, Sweden},
 month = nov,
 year = {2008},
 publisher = {ACM},
 doi  = {10.1145/1556444.1556451},
}

@inproceedings{openmodelica.org:magnusson:sims:2008,
 author   = {Ericsson Magnusson and Peter Fritzson and Adian Pop},
 title    = {3D Animation and Programmable 2D Graphics for Visualization of Simulations in OpenModelica},
 crossref = {sims2008},
 pdf      = {http://www.scansims.org/sims2008/23.pdf},
}

@inproceedings{openmodelica.org:guy:eoolt:2008,
 author   = {Jörn Guy Süß and Peter Fritzson and Adrian Pop},
 title    = { The Impreciseness of UML and Implications for ModelicaML},
 crossref = {eoolt2008},
 pdf      = {http://www.ep.liu.se/ecp/029/003/ecp08029003.pdf},
}

@inproceedings{openmodelica.org:broman:eoolt:2008,
 author   = {David Broman and Peter Fritzson},
 title    = {Higher-Order Acausal Models},
 crossref = {eoolt2008},
 pdf      = {http://www.ep.liu.se/ecp/029/007/ecp08029007.pdf},
}

@inproceedings{openmodelica.org:guy:aswec:2008,
 author={Jörn Guy Süss and Peter Fritzson and Adrian Pop and Luke Wildman},
 title={Towards Integrated Model-Driven Testing of SCADA Systems Using the Eclipse Modeling Framework and Modelica},
 pages={149 -159},
 doi={10.1109/ASWEC.2008.4483203},
 ISSN={1530-0803},
 crossref = {aswec2008},
}

@inproceedings{openmodelica.org:casella:modelica:2008,
 author = {Francesco Casella and Filippo Donida and Bernhard Bachmann and Peter Aronsson},
 title = { Overdetermined Steady-State Initialization Problems in Ob\-ject-Ori\-ent\-ed Fluid System Models},
 crossref = {modelica2008},
 pdf     = {https://www.modelica.org/events/modelica2008/Proceedings/sessions/session3b4.pdf},
}

@InProceedings{openmodelica.org:stavaker:modelica:2008,
  crossref = {modelica2008},
  author = {Kristian Stavåker and Adrian Pop and Peter Fritzson},
  title = {Compiling and Using Pattern Matching in {Modelica}},
  pages = {637-646},
}

@InProceedings{openmodelica.org:pop:modelica:2008,
  crossref = {modelica2008},
  author = {Adrian Pop and Kristian Stavåker and Peter Fritzson},
  title = {Exception Handling for {Modelica}},
  pages = {409-418},
}

@inproceedings{openmodelica.org:pop:sea:2007,
 author    = {Adrian Pop and David Akhvlediani and Peter Fritzson},
 title     = {Integrated UML and Modelica System Modeling with ModelicaML in Eclipse},
 key       = {SEA '07},
 booktitle = {Proceedings of the 11th IASTED International Conference on Software Engineering and Applications},
 location  = {Cambridge, Massachusetts},
 year      = {2007},
 pages     = {557--563},
 publisher = {ACTA Press},
 http      = {http://dl.acm.org/citation.cfm?id=1647636.1647732},
}

@inproceedings{openmodelica.org:pop:sims:2007,
 author = {Adrian Pop and David Akhvlediani and Peter Fritzson},
 title = { Towards Run-time Debugging of Equa\-tion-Based Ob\-ject-Ori\-ent\-ed Languages},
 crossref = {sims2007},
 pdf    = {http://www.ep.liu.se/ecp/027/016/ecp072716.pdf},
}

@inproceedings{openmodelica.org:norling:sims:2007,
 author = {Kristoffer Norling and David Broman and Peter Fritzson and Alexander Siemers and Dag Fritzson},
 title = { Secure Distributed Co-Simulation over Wide Area Networks},
 crossref = {sims2007},
 pdf     = {http://citeseerx.ist.psu.edu/viewdoc/download?doi=10.1.1.119.3774&rep=rep1&type=pdf},
}

@inproceedings{openmodelica.org:lundvall:sims:2007,
 author = {Håkan Lundvall and Peter Fritzson},
 title = {Automatic Parallelization of Object Oriented Models Executed with Inlined Runge-Kutta Solvers},
 crossref = {sims2007},
 pdf   = {http://www.ep.liu.se/ecp/027/001/ecp072701.pdf},
}

@inproceedings{openmodelica.org:lundvall:europvm:2007,
 author = {Håkan Lundvall and Peter Fritzson},
 title = {Automatic Parallelization of Object Oriented Models Executed with Inline Solvers},
 booktitle = {In Proceedings of the 14th European PVM/MPI User’s Group Meeting},
 location = {Paris, France},
 month = sep,
 year = {2007},
 Publisher = {Springer Berlin Heidelberg},
 pages ={365--372},
 doi   = {10.1007/978-3-540-75416-9_49},
}

@inproceedings{openmodelica.org:lundvall:eurosim:2007,
 author    = {Håkan Lundvall and Peter Fritzson},
 title     = {Automatic Parallelization of Object Oriented Models across Method and System},
 booktitle = {In Proceedings of the 6th Eurosim Congress},
 location  = {Ljubjana, Slovenia},
 year      = {2007},
 pdf       = {http://www.ida.liu.se/~petfr/paperlinks/2007-09-Lundvall-Fritzson-eurosim-parallelModelica.pdf},
}

@inproceedings{openmodelica.org:pop:eoolt:2007,
 author = {Adrian Pop and David Akhvlediani and Peter Fritzson},
 title = {Towards Unified System Modeling with the ModelicaML UML Profile},
 crossref = {eoolt2007},
 slide     = {http://www.ida.liu.se/labs/pelab/conf/eoolt07/pres/presentation-paper2.pdf},
 pdf     = {http://www.ep.liu.se/ecp/024/002/ecp2407002.pdf},
}

@inproceedings{openmodelica.org:broman:eoolt:2007,
 author = {David Broman and Peter Fritzson},
 title = {Abstract Syntax Can Make the Definition of Modelica Less Abstract},
 crossref = {eoolt2007},
 slide     = {http://www.ida.liu.se/labs/pelab/conf/eoolt07/pres/presentation-paper10.pdf},
 pdf    = {http://www.ep.liu.se/ecp/024/010/ecp2407010.pdf},
}

@inproceedings{openmodelica.org:bachmann:eoolt:2007,
 author = {Bernhard Bachmann and Peter Aronsson and Peter Fritzson},
 title = { Robust Initialization of Differential Algebraic Equations},
 crossref = {eoolt2007},
 slide     = {http://www.ida.liu.se/labs/pelab/conf/eoolt07/pres/presentation-paper14.pdf},
 pdf     = {http://www.ep.liu.se/ecp/024/014/ecp2407014.pdf},
}

@inproceedings{openmodelica.org:fritzson:aplimat:2007,
 author = {Peter Fritzson and Erik Ulfhielm and Ales Belic and Martin Fransson and Henrik Gréen},
 title = {Biochemical Mathematical Modeling with Modelica and the Biochem Library},
 booktitle = {In Proceedings of the 6th International conference Aplimat'2007},
 location = {Bratislava, Slovakia},
 month = feb,
 year = {2007},
 pdf = {http://archiv.aplimat.com/2007/Proceedings/Part_III/06_Modeling/114_Fritzson,Ulfhelm,Belic,Fransson,Green.pdf},
}

@inproceedings{openmodelica.org:siemers:anipla:2006,
 author    = {Alexander Siemers and Dag Fritzson and Peter Fritzson},
 title     = {Meta-Modeling for Multi-Physics Co-Simulations applied for OpenModelica},
 booktitle = {In Proceedings of International Congress on Methodologies for Emerging Technologies in Automation (ANIPLA2006)},
 location  = {Rome, Italy},
 month     = nov,
 year      = {2006},
}

@inproceedings{openmodelica.org:broman:gpce:2006,
 author    = {David Broman and Kaj Nyström and Peter Fritzson},
 title     = {Determining Over- and Under-Constrained Systems of Equations using Structural Constraint Delta},
 booktitle = {In Proceedings of the 4th Int. Conf. on Generative Programming and Component Engineering (GPCE2006)},
 location  = {Portland, Oregon},
 month     = oct,
 year      = {2006},
 pdf       = {http://www.bromans.com/david/publ/gpce2006-constraint-delta-final-corrected.pdf},
}

@inproceedings{openmodelica.org:claeys:eadc:2006,
 author    = {Filip Claeys and Maria Chtepen and Peter Fritzson and Peter Vanrolleghem},
 title     = {Towards Transparent Distributed Execution in the Tornado Framework},
 booktitle = {In Proceedings of Environmental Applications and Distributed Computing (EADC2006)},
 location  = {Bratislava, Slovakia},
 month     = oct,
 year      = {2006},
}

@inproceedings{openmodelica.org:fritzson:cacsd:2006,
 author = {Peter Fritzson and Peter Aronsson and Håkan Lundvall and Kaj Nyström and Adrian Pop and Levon Saldamli and David Broman},
 title = {OpenModelica - A Free Open-Source Environment for System Modeling, Simulation, and Teaching},
 booktitle={Computer Aided Control System Design, 2006 IEEE International Conference on Control Applications, 2006 IEEE International Symposium on Intelligent Control, 2006 IEEE},
 year={2006},
 month=oct,
 pages={1588--1595},
 doi    = {10.1109/CACSD-CCA-ISIC.2006.4776878},
}

@inproceedings{openmodelica.org:pop:jmlc:2006,
 author = {Adrian Pop and Peter Fritzson},
 title = {MetaModelica: A Unified Equa\-tion-Based Semantical and Mathematical Modeling Language},
 booktitle = {7th Joint Modular Languages Conference, JMLC 2006 Oxford, UK, September 13-15, 2006 Proceedings},
 pages = {211--229},
 Publisher = {Springer Berlin Heidelberg},
 year = {2006},
 doi   = {10.1007/11860990_14},
}

@inproceedings{openmodelica.org:bachmann:modelica:2006,
 author = {Bernhard Bachmann and Peter Aronsson and Peter Fritzson},
 title = { Robust Initialization of Differential Algebraic Equations},
 crossref = {modelica2006},
 pdf     = {https://www.modelica.org/events/modelica2006/Proceedings/sessions/Session6a2.pdf},
}

@inproceedings{openmodelica.org:jagudin:sims:2006,
 author = {Elmir Jagudin and Andreas Remar and Adrian Pop and Peter Fritzson},
 title = {OpenModelica MDT Eclipse Plugin for Modelica Development, Code Browsing, and Simulation},
 crossref = {sims2006},
 pdf     = {https://www.modelica.org/publications/papers/2006-09-Jagudin-Remar-Pop-Fritzson-SIMS06-MDTEclipse.pdf},
}

@inproceedings{openmodelica.org:fransson:sims:2006,
 author = {Martin Fransson and Peter Fritzson and Malin Lindqvist and Curt Peterson},
 title = {A Preliminary Study of Modeling and Simulation in Individualized Drug Dosage - Azathioprine on Inflammatory Bowel Disease},
 crossref = {sims2006},
 pdf     = {https://www.modelica.org/publications/papers/2006-09-Fransson-Fritzson-Lindqvist-Peterson-SIMS06-drugdosage.pdf},
}

@inproceedings{openmodelica.org:sandholm:sims:2006,
 author = {Anders Sandholm and Peter Fritzson and Gunilla Nilsson and Göran Petersson},
 title = {Towards a Flexible General Training Simulator Platform Based on Modelica},
 crossref = {sims2006},
 pdf     = {https://www.modelica.org/publications/papers/2006-09-30-Sandholm-Fritzson-etal-SIMS06-training-sim.pdf},
}

@InProceedings{openmodelica.org:pop:modelica:2006,
  author = {Adrian Pop and Peter Fritzson and Andreas Remar and Elmir Jagudin and David Akhvlediani},
  title = {{OpenModelica} Development Environment with {Eclipse} Integration for Browsing, Modeling, and Debugging},
  crossref = {modelica2006},
}

@inproceedings{openmodelica.org:edelfeldt:sims:2005,
 author = {Stina Edelfeldt and Peter Fritzson},
 title = {Evaluation and Comparison of Models and Modeling Tools Simulating Nitrogen Processes in Wetlands},
 crossref = {sims2005},
 pdf     = {http://scansims.org/sims2005/SIMS2005_33.pdf},
}

@inproceedings{openmodelica.org:fritzson:sims:2005,
 author = {Peter Fritzson and Peter Aronsson and Håkan Lundvall and Kaj Nyström and Adrian Pop and Levon Saldamli and David Broman},
 title = {The OpenModelica Modeling, Simulation, and Development Environment},
 crossref = {sims2005},
 pdf     = {http://scansims.org/sims2005/SIMS2005_58.pdf},
}

@inproceedings{openmodelica.org:lundvall:sims:2005,
 author = {Håkan Lundvall and Peter Fritzson},
 title = {Event Handling in the OpenModelica Compiler and Run-time System},
 crossref = {sims2005},
 pdf     = {http://www.scansims.org/sims2005/SIMS2005_57.pdf},
 pdf     = {https://www.modelica.org/publications/papers/2005-10-Lundvall-Fritzson-SIMS05-EventsinOpenModelica.pdf},
}

@InProceedings{openmodelica.org:pop:modelica:2005,
  crossref = {modelica2005},
  author   = {Adrian Pop and Peter Fritzson},
  title    = {A Portable Debugger for Algorithmic {Modelica} Code},
  pdf      = {https://modelica.org/events/Conference2005/online_proceedings/Session5/Session5c2.pdf},
}

@InProceedings{openmodelica.org:fritzson:modelica:2005,
  crossref = {modelica2005},
  author   = {Peter Fritzson and Adrian Pop and Peter Aronsson},
  title    = {Comprehensive Meta-Modeling and Meta-Programming Capabilities in {Modelica}},
}

@inproceedings{openmodelica.org:nystrom:sims:2004,
 author   = {Kaj Nyström and Peter Aronsson and Peter Fritzson},
 title    = {GridModelica - A Modeling and Simulation Framework for the Grid},
 crossref = {sims2004},
 pdf      = {https://www.modelica.org/publications/papers/2004-09-Kaj-SIMS2004-GRIDMODELICA.pdf},
}

@inproceedings{openmodelica.org:pop:sims:2004,
 author = {Adrian Pop and Olof Johansson and Peter Fritzson},
 title = {An integrated framework for model-driven design and development using Modelica},
 crossref = {sims2004},
 pdf     = {http://citeseerx.ist.psu.edu/viewdoc/download?doi=10.1.1.62.9407&rep=rep1&type=pdf},
}

@inproceedings{openmodelica.org:lundvall:sims:2004,
 author   = {Håkan Lundvall and Peter Bunus and Peter Fritzson},
 title    = {Towards Automatic Generation of Model Checkable Code from Modelica},
 crossref = {sims2004},
 pdf      = {https://www.modelica.org/publications/papers/2004-09-Lundvall-sims2004-040812.pdf},
}

@inproceedings{openmodelica.org:saldamli:sims:2004,
 author   = {Levon Saldamli and Peter Fritzson},
 title    = {Field Type and Field Constructor in Modelica},
 crossref = {sims2004},
}

@inproceedings{openmodelica.org:aronsson:eurosim:2004,
 author   = {Peter Aronsson and Peter Fritzson},
 title    = {Automatic Parallelization in OpenModelica.},
 crossref = {eurosim2004},
}

@inproceedings{openmodelica.org:idebrant:eurosim:2004,
 author   = {Andreas Idebrant and Peter Fritzson},
 title    = {Aircraft - A Modelica Library for Aircraft Dynamics Simulation},
 crossref = {eurosim2004},
 pdf      = {https://www.modelica.org/publications/papers/2004-09-Idebrant-Fritzson-AircraftLib-Eurosim.pdf},
}

@inproceedings{openmodelica.org:engelson:eurosim:2004,
 author   = {Vadim Engelson and Peter Fritzson and Ulf Sellgren},
 title    = {An Easy-to-use Generic Model Configurator for Models in Multiple Tool Formats},
 crossref = {eurosim2004},
 pdf      = {https://www.modelica.org/publications/papers/2004-09-Engelson-Fritzson-Sellgren-Eurosim-Configurator.pdf},
}

@inproceedings{openmodelica.org:fritzson:simsafe:2004,
 author   = {Peter Fritzson and Vadim Engelson and  Andreas Idebrant and Peter Aronsson and Håkan Lundvall and Peter Bunus and Kaj Nyström},
 title    = {Modelica - A Strongly Typed System Specification Language for Safe Engineering Practices},
 crossref = {simsafe2004},
 pdf      = {https://www.modelica.org/publications/papers/2004-05-Fritzson-Engelson-Idebrant-Aronsson-Simsafe-ModelicaSafety.pdf},
}

@inproceedings{openmodelica.org:pop:modelica:2003,
 author   = {Adrian Pop and Peter Fritzson },
 title    = {ModelicaXML:A Modelica XML Representation with Applications},
 crossref = {modelica2003},
 pdf      = {https://modelica.org/events/Conference2003/papers/h39_Pop.pdf},
}

@inproceedings{openmodelica.org:lundvall:sims:2003,
 author   = {Håkan Lundvall and Peter Fritzson},
 title    = {Modeling Concurrent Activities and Resource Sharing in Modelica.},
 crossref = {sims2003},
 pdf      = {http://scansims.org/sims2003/papers/SIMS2003_14.pdf},
}

@inproceedings{openmodelica.org:engelson:sims:2003,
 author   = {Vadim Engelson and Peter Bunus and Lucian Popescu and Peter Fritzson},
 title    = {Mechanical CAD with Multibody Dynamic Analysis Based on Modelica Simulation},
 crossref = {sims2003},
 pdf      = {http://scansims.org/sims2003/papers/SIMS2003_34.pdf},
}

@inproceedings{openmodelica.org:evalena:sims:2003,
 author   = {Eva-Lena Lengquist-Sandelin and Susanna Monemar and Peter Fritzson and Peter Bunus},
 title    = {DrModelica – A Web-Based Teaching Environment for Modelica},
 crossref = {sims2003},
 pdf      = {http://scansims.org/sims2003/papers/SIMS2003_3.pdf},
}

@inproceedings{openmodelica.org:aronsson:sims:2002,
 author   = {Peter Aronsson and Peter Fritzson and Levon Saldamli and Peter Bunus},
 title    = {Incremental declaration handling in Open Source Modelica},
 crossref = {sims2002},
 pdf      = {https://www.modelica.org/publications/papers/2002-09_aronsson_sims-incrdeclhandlingmodelica.pdf},
}

@inproceedings{openmodelica.org:endelson:sims:2002,
 author   = {Vadim Engelson and Peter Fritzson},
 title    = {Distributed Simulation Environment for Heterogeneous Computer Clusters},
 crossref = {sims2002},
 pdf      = {https://www.modelica.org/publications/papers/2002-09_engelson_sims-distrsimulationenvironment.pdf},
}

@inproceedings{openmodelica.org:bunus:PADL:2002,
 author   = {Peter Bunus and Peter Fritzson},
 title    = {A Debugging Scheme for Declarative Equation Based Modeling Languages},
 crossref = {PADL2002},
 doi      = {10.1007/3-540-45587-6_18},
}

@inproceedings{openmodelica.org:saldamli:sims:2001,
 author   = {Levon Saldamli and Peter Fritzson},
 title    = {Domains and Partial Differential Equations in Modelica},
 crossref = {sims2001},
 pdf      = {http://www.scansims.org/sims2001/SIMS2001/Papers/Paper07%20-%20L.Saldamli%20%28sims2001Saldamli_v2%29.pdf},
}

@inproceedings{openmodelica.org:saldamli:eurosim:2001,
 author    = {Levon Saldamli and Peter Fritzson},
 title     = {A Modelica-Based Language for Ob\-ject-Ori\-ent\-ed Modeling with Partial Differential Equations},
 booktitle = {In Proceedings of the 4th International EuroSim Congress},
 location  = {Delft, the Netherlands},
 month     = jun,
 year      = {2001},
}

@inproceedings{openmodelica.org:engelson:dcc:2000,
 author    = {Vadim Engelson and Dag Fritzson and Peter Fritzson},
 title     = {Lossless Compression of High-Volume Numerical Data for Simulations},
 booktitle = {In Proceedings of The 2000 IEEE Data Compression Conference},
 location  = {Snowbird, Utah},
 month     = mar,
 year      = {2000},
 doi       = {10.1109/DCC.2000.838221},
}

@inproceedings{openmodelica.org:mats:ims:1999,
 author    = {Jirstrand Mats and Johan Gunnarsson and Peter Fritzson},
 title     = {A New Modeling and Simulation Environment for Modelica},
 crossref  = {ims1999},
 pdf       = {https://www.modelica.org/publications/papers/1999-08-jirstrand-gunnarsson-fritzson-IMS99-MathModelica.pdf},
}

@inproceedings{openmodelica.org:wrangsjo:ims:1999,
 author    = {Andreas Wrangsjö and Peter Fritzson and Sheshadri K},
 title     = {Transforming Systems of PDEs for Efficient Numerical Solution},
 crossref  = {ims1999},
 pdf       = {http://south.rotol.ramk.fi/IMS/IMS99/paper7/Transformations.pdf},
}

@inproceedings{openmodelica.org:fritzson:ecoop:1998,
 author    = {Peter Fritzson and Vadim Engelson},
 title     = {Modelica - A Unified Ob\-ject-Ori\-ent\-ed Language for System Modeling and Simulation},
 booktitle = {In Proceedings of the 12th European Conference on Ob\-ject-Ori\-ent\-ed Programming(ECOOP)},
 location  = {Brussels, Belgium},
 month     = jul,
 year      = {1998},
 pdf       = {http://www.ifs.uni-linz.ac.at/~ecoop/cd/papers/1445/14450067.pdf},
}

@inproceedings{openmodelica.org:fritzson:scsc:1998:Integrated,
 author    = {Peter Fritzson and Vadim Engelson and Johan Gunnarsson },
 title     = {An Integrated Modelica Environment for Modeling, Documentation and Simulation},
 crossref  = {scsc1998},
}

@inproceedings{openmodelica.org:fritzson:scsc:1998,
 author    = {Peter Fritzson and David  Kågedal},
 title     = {Generating a Modelica Compiler from Natural Semantics Specifications},
 crossref  = {scsc1998},
}

@inproceedings{openmodelica.org:fritzson:para:1998,
 author    = {Peter Fritzson},
 title     = {Modelica-A Language for Equation- based Physical Modeling and High Performance Simulation},
 booktitle = {In Proceedings of PARA’98 - Workshop on Applied Parallel Computing in Large Scale Scientific and Industrial Problems},
 location  = {Umeå, Sweden},
 month     = jun,
 year      = {1998},
 publisher = {Springer Verlag},
 pdf       = {https://www.modelica.org/publications/papers/1998-06-fritzson-para98LNCS1541-equationbasedmodelingandHighPerformance.pdf},
}


%%%%%%%%%%%%%%%%%%%%%%%%%%%%%%%%%%%%%%%%%%%%%%%%%%%%%%%%%%%%%%%%%%%%%%%%%%%%%%%
%% [*6*] Technical reports, etc
%%%%%%%%%%%%%%%%%%%%%%%%%%%%%%%%%%%%%%%%%%%%%%%%%%%%%%%%%%%%%%%%%%%%%%%%%%%%%%%

@MISC{openmodelica.org:fritzson:meta:2005:citerelated,
   crossref = {openmodelica.org:fritzson:meta:2005},
   note = "Later versions \cite{openmodelica.org:fritzson:meta:2007:citerelated,openmodelica.org:fritzson:meta1.0:citerelated}"
 }

@MISC{openmodelica.org:fritzson:meta:2007:citerelated,
   crossref = {openmodelica.org:fritzson:meta:2007},
   note = "Slightly updated version of \cite{openmodelica.org:fritzson:meta:2005:citerelated}; later update \cite{openmodelica.org:fritzson:meta1.0:citerelated}.",
}

@techreport{openmodelica.org:fritzson:meta1.0:citerelated,
   crossref = {openmodelica.org:fritzson:meta1.0:2011},
   note = "Almost identical to \cite{openmodelica.org:fritzson:meta:2007:citerelated}, but tech. report."
}

@MISC{openmodelica.org:fritzson:meta:2005,
   author = "Peter Fritzson",
   title = "Language Modeling and Symbolic Transformations with {Meta-Modelica}",
   year = "2005",
   url = "http://openmodelica.org",
   urldate = {2011-10-07},
 }

@MISC{openmodelica.org:fritzson:meta:2007,
   author = "Peter Fritzson",
   title = "Language Modeling and Symbolic Transformations with {Meta-Modelica}",
   year = "2007",
   url = "http://openmodelica.org",
   urldate = {2011-10-07},
 }

@techreport{openmodelica.org:fritzson:meta2.0:2011,
author = {Fritzson, Peter and Pop, Adrian and Sj{\"o}lund, Martin},
institution = {Linköping University, PELAB - Programming Environment Laboratory},
pagetotal = {297},
publisher = {Linköping University Electronic Press},
title = {Towards {Modelica} 4 Meta-Programming and Language Modeling with {MetaModelica} 2.0},
series = {Technical reports in Computer and Information Science},
number = {2011:10},
month = may,
year = {2011},
pdf = {http://liu.diva-portal.org/smash/get/diva2:418188/FULLTEXT01},
url = {http://urn.kb.se/resolve?urn=urn:nbn:se:liu:diva-68361},
urldate = {2013-04-01},
}

@techreport{openmodelica.org:fritzson:meta1.0:2011,
author = {Fritzson, Peter and Pop, Adrian},
institution = {Linköping University, PELAB - Programming Environment Laboratory},
pagetotal = {211},
publisher = {Linköping University Electronic Press},
title = {Meta-Programming and Language Modeling with {MetaModelica} 1.0},
series = {Technical reports in Computer and Information Science},
number = {9},
year = {2011},
url = {http://urn.kb.se/resolve?urn=urn:nbn:se:liu:diva-66440},
urldate = {2011-10-07},
}

%%%%%%%%%%%%%%%%%%%%%%%%%%%%%%%%%%%%%%%%%%%%%%%%%%%%%%%%%%%%%%%%%%%%%%%%%%%%%%%
%% [*7*] References to OpenModelica documentation
%%%%%%%%%%%%%%%%%%%%%%%%%%%%%%%%%%%%%%%%%%%%%%%%%%%%%%%%%%%%%%%%%%%%%%%%%%%%%%%

@misc{openmodelica.org:doc:usersguide,
title = {{OpenModelica User's Guide}},
author = {{Open Source Modelica Consortium}},
url = {https://openmodelica.org/doc/OpenModelicaUsersGuide/latest/},
}

@misc{openmodelica.org:doc:system,
title = {{OpenModelica System Documentation}},
author = {Fritzson, Peter and others},
year = {2010},
month = {feb},
url = {https://github.com/OpenModelica/OpenModelica-doc/blob/v1.9.1/OpenModelicaSystem.pdf},
}
%%%%%%%%%%%%%%%%%%%%%%%%%%%%%%%%%%%%%%%%%%%%%%%%%%%%%%%%%%%%%%%%%%%%%%%%%%%%%%%
%% [*8*] Proceedings for cross-reference
%%%%%%%%%%%%%%%%%%%%%%%%%%%%%%%%%%%%%%%%%%%%%%%%%%%%%%%%%%%%%%%%%%%%%%%%%%%%%%%
@PROCEEDINGS{aswec2008,
 key       = {ASWEC'2008},
 title     = {Proceedings of the 19th Australian Conference on Software Engineering},
 booktitle = {Proceedings of the 19th Australian Conference on Software Engineering},
 location  = {Perth, Western Australia},
 year      = {2008},
 month     = mar
}

@PROCEEDINGS{ims1999,
 key       = {IMS'1999},
 title     = {In Proceedings of the Third International Mathematica Symposium(IMS)},
 booktitle = {In Proceedings of the Third International Mathematica Symposium(IMS)},
 location  = {Linz, Austria},
 month     = aug,
 year      = {1999}
 }

 @PROCEEDINGS{scsc1998,
 key       = {SCSC'1998},
 title     = {In Proceedings of the the Summer Computer Simulation Conference '98},
 booktitle = {In Proceedings of the the Summer Computer Simulation Conference '98},
 location  = {Nevada, USA},
 month     = jul,
 year      = {1998}
 }

@PROCEEDINGS{eoolt2007,
 key       ={EOOLT'2007},
 editor    = {Peter Fritzson and Fran\c{c}ois Cellier and Christoph Nytsch-Geusen},
 title     = {Proceedings of the 1st International Workshop on Equa\-tion-Based Ob\-ject-Ori\-ent\-ed Modeling Languages and Tools},
 booktitle = {Proceedings of the 1st International Workshop on Equa\-tion-Based Ob\-ject-Ori\-ent\-ed Modeling Languages and Tools},
 year      = {2007},
 month     = jul,
 location  = {Berlin, Germany},
 issn      = {1650-3740},
 publisher = {Linköping University Electronic Press},
 url       = {http://www.ep.liu.se/ecp/024/},
 urldate   = {2011-10-07},
}

@PROCEEDINGS{eoolt2010,
 key       = {EOOLT'2010},
 editor    = {Peter Fritzson and Edward Lee and Fran\c{c}ois Cellier and David Broman},
 title     = {Proceedings of the 3rd International Workshop on Equa\-tion-Based Ob\-ject-Ori\-ent\-ed Modeling Languages and Tools},
 booktitle = {Proceedings of the 3rd International Workshop on Equa\-tion-Based Ob\-ject-Ori\-ent\-ed Modeling Languages and Tools},
 year      = {2010},
 month     = oct,
 issn      = {1650-3686},
 location  = {Oslo, Norway},
 publisher = {Linköping University Electronic Press},
 url       = {http://www.ep.liu.se/ecp/047/},
 urldate   = {2011-10-07},
}

@PROCEEDINGS{ARCS2010,
 key       = {ARCS'2010},
 title     = {Proceedings of the 23rd International Conference on Architecture of Computing Systems (ARCS)},
 booktitle = {Proceedings of the 23rd International Conference on Architecture of Computing Systems (ARCS)},
 year      = {2010},
 month     = feb
}

@PROCEEDINGS{ACES2010,
 key       = {ACES'2010},
 title     = {Proceedings of the 2010 international conference on Models in software engineering},
 booktitle = {Proceedings of the 2010 international conference on Models in software engineering},
 year      = {2010},
 location  = {Oslo, Norway},
 pages     = {75--89},
 publisher = {Springer-Verlag},
 address  =  {Berlin, Heidelberg}
}

@PROCEEDINGS{POOSC2010,
 key       = {POOSC'2010},
 title     = {Proceedings of the 9th Workshop on Parallel/High-Performance Ob\-ject-Ori\-ent\-ed Scientific Computing},
 booktitle = {Proceedings of the 9th Workshop on Parallel/High-Performance Ob\-ject-Ori\-ent\-ed Scientific Computing},
 year      = {2010},
 location  = {Reno, Nevada},
 publisher = {ACM},
 address = {New York, NY, USA}
}

@PROCEEDINGS{SIMPAR2010,
 key       = {SIMPAR'2010},
 title     = {Proceedings of the 2nd International Conference on Simulation, Modeling, and Programming for Automotive Robotics},
 booktitle = {Proceedings of the 2nd International Conference on Simulation, Modeling, and Programming for Automotive Robotics},
 year      = {2010},
 location  = {Darmstadt, Germany},
 publisher = {Springer Berlin Heidelberg}
}

@PROCEEDINGS{eoolt2011,
 key       = {EOOLT'2011},
 editor    = {Fran\c{c}ois Cellier and David Broman and Peter Fritzson and Edward Lee},
 title     = {Proceedings of the 4th International Workshop on Equa\-tion-Based Ob\-ject-Ori\-ent\-ed Modeling Languages and Tools},
 booktitle = {Proceedings of the 4th International Workshop on Equa\-tion-Based Ob\-ject-Ori\-ent\-ed Modeling Languages and Tools},
 year      = {2011},
 month     = sep,
 issn      = {1650-3740},
 location  = {Zürich, Switzerland},
 publisher = {Linköping University Electronic Press},
 url       = {http://www.ep.liu.se/ecp_home/index.en.aspx?issue=056},
 urldate   = {2011-11-15}
}

@PROCEEDINGS{eoolt2013,
 key       = {EOOLT'2013},
 editor    = {Henrik Nilsson},
 title     = {Proceedings of the 5th International Workshop on Equa\-tion-Based Ob\-ject-Ori\-ent\-ed Modeling Languages and Tools},
 booktitle = {Proceedings of the 5th International Workshop on Equa\-tion-Based Ob\-ject-Ori\-ent\-ed Modeling Languages and Tools},
 year      = {2013},
 month     = apr,
 issn      = {1650-3740},
 location  = {Nottingham, UK},
 publisher = {Linköping University Electronic Press},
 url       = {http://www.ep.liu.se/ecp_home/index.en.aspx?issue=084},
 urldate   = {2013-03-31}
}

@PROCEEDINGS{eoolt2014,
 key       = {EOOLT'2014},
 editor    = {Henrik Nilsson},
 title     = {Proceedings of the 6th International Workshop on Equa\-tion-Based Ob\-ject-Ori\-ent\-ed Modeling Languages and Tools},
 booktitle = {Proceedings of the 6th International Workshop on Equa\-tion-Based Ob\-ject-Ori\-ent\-ed Modeling Languages and Tools},
 year      = {2014},
 location  = {Berlin}
}

@PROCEEDINGS{eoolt2017,
 key       = {EOOLT'2017},
 title     = {8th International Workshop on Equa\-tion-Based Ob\-ject-Ori\-ent\-ed Modeling Languages and Tools},
 booktitle = {8th International Workshop on Equa\-tion-Based Ob\-ject-Ori\-ent\-ed Modeling Languages and Tools},
 month     = dec,
 year      = {2017},
 location  = {Weßling}
}

@PROCEEDINGS{eoolt2019,
 key       = {EOOLT'2019},
 year      = {2019},
 month     = oct,
 isbn      = {9781450377133},
 publisher = {Association for Computing Machinery},
 address   = {New York, NY, USA},
 title     = {Proceedings of the 9th International Workshop on Equation-Based Object-Oriented Modeling Languages and Tools},
 booktitle = {Proceedings of the 9th International Workshop on Equation-Based Object-Oriented Modeling Languages and Tools},
 location  = {Berlin, Germany},
 series    = {EOOLT '19}
}

@PROCEEDINGS{eurosim2004,
 key       = {EUROSIM'2004},
 title     = {Proceedings of 5th EUROSIM Congress on Modeling and Simulation},
 booktitle = {Proceedings of 5th EUROSIM Congress on Modeling and Simulation},
 location  = {Paris, France},
 year      = {2004},
 month     = sep
}

@PROCEEDINGS{simsafe2004,
 key       = {SIMSafe'2004},
 title     = {In Proceedings of SIMSafe 2004 conference.},
 booktitle = {In Proceedings of SIMSafe 2004 conference.},
 location  = {Karlskoga, Sweden},
 year      = {2004},
 month     = jun
}

@PROCEEDINGS{sims2001,
 key       = {SIMS'2001},
 title     = {Proceedings of the 42th Scandinavian Conference on Simulation and Modeling (SIMS)},
 booktitle = {Proceedings of the 48th Scandinavian Conference on Simulation and Modeling (SIMS)},
 location  = {Porsgrunn, Norway},
 year      = {2001},
 month     = oct
}

@PROCEEDINGS{sims2002,
 key       = {SIMS'2002},
 title     = {Proceedings of the 43th Scandinavian Conference on Simulation and Modeling (SIMS)},
 booktitle = {Proceedings of the 43th Scandinavian Conference on Simulation and Modeling (SIMS)},
 location  = {Oulu, Finland},
 year      = {2002},
 month     = sep
}

@PROCEEDINGS{sims2003,
 key       = {SIMS'2003},
 title     = {Proceedings of the 44th Scandinavian Conference on Simulation and Modeling (SIMS)},
 booktitle = {Proceedings of the 44th Scandinavian Conference on Simulation and Modeling (SIMS)},
 location  = {Västerås, Sweden},
 year      = {2003},
 month     = sep
}

@PROCEEDINGS{sims2004,
 key       = {SIMS'2004},
 title     = {Proceedings of the 45th Scandinavian Conference on Simulation and Modeling (SIMS)},
 booktitle = {Proceedings of the 45th Scandinavian Conference on Simulation and Modeling (SIMS)},
 location  = {Copenhagen, Denmark},
 year      = {2004},
 month     = sep
}

@PROCEEDINGS{sims2005,
 key       = {SIMS'2005},
 title     = {Proceedings of the 46th Scandinavian Conference on Simulation and Modeling (SIMS)},
 booktitle = {Proceedings of the 46th Scandinavian Conference on Simulation and Modeling (SIMS)},
 location  = {Trondheim, Norway},
 year      = {2005},
 month     = oct
}

@PROCEEDINGS{sims2006,
 key       = {SIMS'2006},
 title     = {Proceedings of the 47th Scandinavian Conference on Simulation and Modeling(SIMS)},
 booktitle = {Proceedings of the 47th Scandinavian Conference on Simulation and Modeling(SIMS)},
 location  = {Helsinki, Finland},
 year      = {2006},
 month     = sep
}

@PROCEEDINGS{sims2007,
 key       = {SIMS'2007},
 title     = {Proceedings of the 48th Scandinavian Conference on Simulation and Modeling (SIMS)},
 booktitle = {Proceedings of the 48th Scandinavian Conference on Simulation and Modeling (SIMS)},
 location  = {Göteborg, Sweden},
 year      = {2007},
 month     = oct
}

@PROCEEDINGS{sims2011,
 key       = {SIMS'2011},
 editor    = {Peter Bunus and Dag Fritzson and Claus Führer},
 title     = {Proceedings of the 52th Scandinavian Conference on Simulation and Modeling (SIMS)},
 booktitle = {Proceedings of the 52th Scandinavian Conference on Simulation and Modeling (SIMS)},
 year      = {2011},
 month     = sep,
 location  = {Västerås, Sweden}
}

@proceedings{aswec2009,
 key       = {ASWEC'2009},
 title     = {Proceedings of the 2009 Australian Software Engineering Conference},
 booktitle = {Proceedings of the 2009 Australian Software Engineering Conference},
 editor    = {Colin Fidge},
 year      = {2009},
 publisher = {IEEE Computer Society},
 address   = {Washington, DC, USA}
}

@PROCEEDINGS{sims2008,
 key       = {SIMS'2008},
 title     = {In Proceedings of the 49th Scandinavian Conference on Simulation and Modeling},
 booktitle = {In Proceedings of the 49th Scandinavian Conference on Simulation and Modeling},
 location  = {Oslo, Norway},
 year      = {2008},
 month     = oct
}

@PROCEEDINGS{eoolt2008,
 key       = {EOOLT'2008},
 title     = {In Proceedings of the 2nd International Workshop on Equa\-tion-Based Ob\-ject-Ori\-ent\-ed Languages and Tools},
 booktitle = {In Proceedings of the 2nd International Workshop on Equa\-tion-Based Ob\-ject-Ori\-ent\-ed Languages and Tools},
 year      = {2008},
 month     = jul,
 location  = {Paphos, Cyprus}
}

@PROCEEDINGS{modelica2000,
 key       = {Modelica'2000},
 editor    = {Martin Otter},
 location  = {Lund, Sweden},
 title     = {Modelica Workshop 2000},
 booktitle = {Modelica Workshop 2000},
 year      = {2000},
 month     = oct,
 publisher = {Modelica Association}
}

@PROCEEDINGS{modelica2002,
 key       = {Modelica'2002},
 editor    = {Martin Otter},
 title     = {Proceedings of the 2nd International Modelica Conference},
 booktitle = {Proceedings of the 2nd International Modelica Conference},
 location  = {Oberpfaffenhofen, Germany},
 year      = {2002},
 month     = mar,
 publisher = {Modelica Association}
}

@PROCEEDINGS{modelica2003,
 key       = {Modelica'2003},
 editor    = {Peter Fritzson},
 title     = {Proceedings of the 3nd International Modelica Conference},
 booktitle = {Proceedings of the 3nd International Modelica Conference},
 location  = {Linköping, Sweden},
 year      = {2003},
 month     = nov,
 publisher = {Modelica Association}
}

@PROCEEDINGS{modelica2005,
 key       = {Modelica'2005},
 editor    = {Gerhard Schmitz},
 title     = {Proceedings of the 4th International Modelica Conference},
 booktitle = {Proceedings of the 4th International Modelica Conference},
 location  = {Hamburg, Germany},
 year      = {2005},
 month     = mar
}

@PROCEEDINGS{modelica2006,
 key       = {Modelica'2006},
 editor    = {Christian Kral and Anton Haumer},
 title     = {Proceedings of the 5th International Modelica Conference},
 booktitle = {Proceedings of the 5th International Modelica Conference},
 location  = {Vienna, Austria},
 year      = {2006},
 month     = sep
}

@PROCEEDINGS{modelica2008,
 key       = {Modelica'2008},
 editor    = {Bernhard Bachmann},
 title     = {Proceedings of the 6th International Modelica Conference},
 booktitle = {Proceedings of the 6th International Modelica Conference},
 location  = {Bielefeld, Germany},
 publisher = {Modelica Association},
 year      = {2008},
 month     = mar
}

@PROCEEDINGS{modelica2009,
 key       = {Modelica'2009},
 title     = {Proceedings of the 7th International Modelica Conference},
 booktitle = {Proceedings of the 7th International Modelica Conference},
 editor    = {Francesco Casella},
 year      = {2009},
 month     = sep,
 isbn      = {978-91-7393-513-5},
 location  = {Como, Italy},
 publisher = {Linköping University Electronic Press},
 doi       = {10.3384/ecp0943}
}

@PROCEEDINGS{modelica2011,
 key       = {Modelica'2011},
 editor    = {Christoph Clauß},
 title     = {Proceedings of the 8th International Modelica Conference},
 booktitle = {Proceedings of the 8th International Modelica Conference},
 location  = {Dresden, Germany},
 publisher = {Linköping University Electronic Press},
 year      = {2011},
 month     = mar,
 doi       = {10.3384/ecp11063}
}


@PROCEEDINGS{modelica2012,
 key       = {Modelica'2012},
 editor    = {Martin Otter and Dirk Zimmer},
 title     = {Proceedings of the 9th International Modelica Conference},
 booktitle = {Proceedings of the 9th International Modelica Conference},
 location  = {Munich, Germany},
 publisher = {Linköping University Electronic Press},
 year      = {2012},
 month     = sep,
 doi       = {10.3384/ecp12076}
}

@PROCEEDINGS{modelica2014,
 key       = {Modelica'2014},
 editor    = {Hubertus Tummescheit and Karl-Erik Årzén},
 title     = {Proceedings of the 10th International Modelica Conference},
 booktitle = {Proceedings of the 10th International Modelica Conference},
 location  = {Lund, Sweden},
 publisher = {Modelica Association and Linköping University Electronic Press},
 year      = {2014},
 month     = mar,
 doi       = {10.3384/ecp14096},
}


@PROCEEDINGS{modelica2015,
 key       = {Modelica'2015},
 editor    = {Peter Fritzson and Hilding Elmqvist},
 title     = {Proceedings of the 11th International Modelica Conference},
 booktitle = {Proceedings of the 11th International Modelica Conference},
 location  = {Versailles, France},
 publisher = {Modelica Association and Linköping University Electronic Press},
 year      = {2015},
 month     = sep,
 doi       = {10.3384/ecp15118},
}

@PROCEEDINGS{modelica2017,
 key       = {Modelica'2017},
 title     = {Proceedings of the 12th International Modelica Conference},
 booktitle = {Proceedings of the 12th International Modelica Conference},
 location  = {Prague, Czech Republic},
 publisher = {Modelica Association and Linköping University Electronic Press},
 year      = {2017},
 month     = may,
}

@PROCEEDINGS{modelicaUS2018,
 key       = {Modelica'2018US},
 title     = {Proceedings of the 1st American Modelica Conference},
 booktitle = {Proceedings of the 1st American Modelica Conference},
 location  = {Cambridge, Massachusetts, USA},
 publisher = {Modelica Association and Linköping University Electronic Press},
 year      = {2018},
 month     = oct,
}

@PROCEEDINGS{modelica2019,
 key       = {Modelica'2019},
 title     = {Proceedings of the 13th International Modelica Conference},
 booktitle = {Proceedings of the 13th International Modelica Conference},
 location  = {Regensburg, Germany},
 publisher = {Modelica Association and Linköping University Electronic Press},
 year      = {2019},
 month     = mar,
}

@PROCEEDINGS{mathmod2012,
 key       = {MATHMOD'2012},
 title     = {Proceedings of MATHMOD 2012 - 7th Vienna International Conference on Mathematical Modelling},
 booktitle = {Proceedings of MATHMOD 2012 - 7th Vienna International Conference on Mathematical Modelling},
 location  = {Vienna, Austria},
 year      = {2012},
 month     = feb
}

@PROCEEDINGS{SAC2012,
 key       = {SAC'2012},
 title     = {Proceedings of the 27th Annual ACM Symposium on Applied Computing - SAC '12},
 booktitle = {Proceedings of the 27th Annual ACM Symposium on Applied Computing - SAC '12},
 location  = {Trento, Italy},
 year      = {2012},
 month     = mar
}

@PROCEEDINGS{WAMS2012,
 key       = {WAMS'2012},
 title     = {Proceedings of the International Workshop on Applied Modeling & Simulation},
 booktitle = {Proceedings of the International Workshop on Applied Modeling & Simulation},
 location  = {Rome, Italy},
 year      = {2012},
 month     = sep
}

@PROCEEDINGS{TMS/DEVS2012,
 key       = {TMS/DEVS'2012},
 title     = {Proceedings of the 2012 Symposium on Theory of Modeling and Simulation - DEVS Integrative M\&S Symposium},
 booktitle = {Proceedings of the 2012 Symposium on Theory of Modeling and Simulation - DEVS Integrative M\&S Symposium},
 location  = {San Diego, USA},
 publisher = {Society for Computer Simulation International},
 year      = {2012},
 month     = mar,
 pages     = {31:1--31:8},
}

@PROCEEDINGS{PADL2002,
 key       = {PADL'2002},
 title     = {Proceedings of the 4th International Symposium on Practical Aspects of Declarative Languages},
 booktitle = {Proceedings of the 4th International Symposium on Practical Aspects of Declarative Languages},
 pages     = {280--298},
 publisher = {Springer-Verlag},
 year      = {2002},
 month     = jan
}



@PROCEEDINGS{cpc2013,
 key       = {CPC'2013},
 editor    = {Alain Darte},
 title     = {Proceedings of the 17th Workshop on Compilers for Parallel Computing},
 booktitle = {Proceedings of the 17th Workshop on Compilers for Parallel Computing},
 year      = {2013},
 month     = jul,
 location  = {Lyon, France},
}


@Proceedings{ifac2013,
 key       = {IFAC'2013},
booktitle = {Proceedings of IFAC Conference in Tokyo},
title = {Proceedings of IFAC Conference in Tokyo},
month= sep,
year = {2013}
}

@Proceedings{eurosim2013,
 key       = {EUROSIM'2013},
booktitle = {Proceedings of EUROSIM Congress on Modelling and Simulation},
title = {Proceedings of EUROSIM Congress on Modelling and Simulation},
month= sep,
year = {2013}
}

@Proceedings{eurosim2016,
 key       = {EUROSIM'2016},
 booktitle = {Proceedings of 9th EUROSIM Congress on Modelling and Simulation},
 title = {Proceedings of 9th EUROSIM Congress on Modelling and Simulation},
 month= sep,
 year = {2016},
 doi = {10.3384/ecp17142}
}

@Proceedings{sims2013,
key       = {SIMS'2013},
booktitle = {Proceedings of the Scandinavian Conference on Modeling and Simulation},
title = {Proceedings of the Scandinavian Conference on Modeling and Simulation},
month= oct,
year = {2013}
}

@Proceedings{sims2014,
key       = {SIMS'2014},
booktitle = {Proceedings of the Scandinavian Conference on Modeling and Simulation},
title = {Proceedings of the Scandinavian Conference on Modeling and Simulation},
month= oct,
year = {2014}
}

@Proceedings{wasm2013,
key       = {WASM'2013},
booktitle = {Proceedings of Workshop on Applied Modeling and Simulation WASM 2013},
title = {Proceedings of Workshop on Applied Modeling and Simulation WASM 2013},
month= nov,
year = {2013}
}


