@ARTICLE{Knuth84literateprogramming,
    author = {Donald E. Knuth},
    title = {Literate programming},
    journal = {The Computer Journal},
    year = {1984},
    volume = {27},
    pages = {97--111},
    pdf = {http://www.literateprogramming.com/knuthweb.pdf}
}

@BOOK{mathematicbook:third,
  author = {Stephen Wolfram},
  edition = {Third},
  title = {The {Mathematica} Book},
  publisher = {Wolfram Media/Cambridge University Press},
  year = 1996
}

@book{Cellier:2006,
    author = {Cellier, Francois E. and Kofman, Ernesto},
    title = {Continuous System Simulation},
    year = {2006},
    isbn = {0387261028},
    publisher = {Springer-Verlag New York, Inc.},
    address = {Secaucus, NJ, USA},
}

@book{Hairer:1993,
    author = {Hairer, E. and N{\o}rsett, S. P. and Wanner, G.},
    title = {Solving Ordinary Differential Equations I: Nonstiff Problems},
    edition={2nd rev. ed. 1993. Corr. 3rd printing 2008},
    year = {1993},
    isbn = {978-3-540-56670-0},
    doi = {10.1007/978-3-540-78862-1},
    publisher = {Springer-Verlag Berlin Heidelberg},
}

@article{PetzoldDASSL:1982,
    title = {Description of DASSL: a differential/algebraic system solver},
    author = {Petzold, L.R.},
    journal = {},
    place = {United States},
    year = 1982,
}

@article{Hindmarsh:2005,
    title={{SUNDIALS}: Suite of nonlinear and differential/algebraic equation solvers},
    author={A.~C.~Hindmarsh and P.~N.~Brown and K.~E.~Grant and S.~L.~Lee and R.~Serban and D.~E.~Shumaker and C.~S.~Woodward},
    journal={ACM Transactions on Mathematical Software (TOMS)},
    volume={31},
    number={3},
    pages={363--396},
    year={2005},
    publisher={ACM}
}

@article{Davis:2010,
    author = {T.~A.~Davis and E.~Palamadai Natarajan},
    title = {Algorithm 907: KLU, A Direct Sparse Solver for Circuit Simulation Problems},
    journal = {ACM Trans. Math. Softw.},
    issue_date = {September 2010},
    volume = {37},
    number = {3},
    month = sep,
    year = {2010},
    issn = {0098-3500},
    pages = {36:1--36:17},
    articleno = {36},
    numpages = {17},
    url = {http://doi.acm.org/10.1145/1824801.1824814},
    doi = {10.1145/1824801.1824814},
    acmid = {1824814},
    publisher = {ACM},
    address = {New York, NY, USA},
    keywords = {LU factorization, circuit simulation, sparse matrices},
}

@inproceedings{openmodelica.org:doc-extra:ochel2013initialization,
  title={Initialization of equation-based hybrid models within OpenModelica},
  author={Ochel, Lennart A and Bachmann, Bernhard},
  booktitle={Proceedings of the 5th International Workshop on Equation-Based Object-Oriented Modeling Languages and Tools; April 19; University of Nottingham; Nottingham; UK},
  number={084},
  pages={97--103},
  year={2013},
  organization={Link{\"o}ping University Electronic Press}
}
